
  <record>
    <leader>01000aam  22002601a 4500</leader>
    <controlfield tag="001">YPZ90375</controlfield>
    <controlfield tag="003">YPZ</controlfield>
    <controlfield tag="005">200811281424590</controlfield>
    <controlfield tag="008">081128|###########||||||b||||||||||spa|d</controlfield>
    <datafield tag="020" ind1=" " ind2=" ">
      <subfield code="a">9701507827</subfield>
    </datafield>
    <datafield tag="040" ind1=" " ind2=" ">
      <subfield code="c">SIUNPA</subfield>
    </datafield>
    <datafield tag="041" ind1=" " ind2=" ">
      <subfield code="a">spa</subfield>
    </datafield>
    <datafield tag="044" ind1=" " ind2=" ">
      <subfield code="a">MX</subfield>
    </datafield>
    <datafield tag="080" ind1=" " ind2=" ">
      <subfield code="a">331.101.1 M741e 4</subfield>
    </datafield>
    <datafield tag="100" ind1=" " ind2=" ">
      <subfield code="a">Mondelo, Pedro R..</subfield>
    </datafield>
    <datafield tag="700" ind1=" " ind2=" ">
      <subfield code="a">Gregori Torada, Enrique.</subfield>
    </datafield>
    <datafield tag="700" ind1=" " ind2=" ">
      <subfield code="a">González, Óscar de Pedro.</subfield>
    </datafield>
    <datafield tag="700" ind1=" " ind2=" ">
      <subfield code="a">Gómez Fernández, Miguel Á..</subfield>
    </datafield>
    <datafield tag="245" ind1=" " ind2=" ">
      <subfield code="a">Ergonomía 4</subfield>
      <subfield code="b"> : el trabajo en oficinas</subfield>
    </datafield>
    <datafield tag="250" ind1=" " ind2=" ">
      <subfield code="a">1a ed.</subfield>
    </datafield>
    <datafield tag="260" ind1=" " ind2=" ">
      <subfield code="a">México, D.F.</subfield>
      <subfield code="b"> : Alfaomega</subfield>
      <subfield code="c"> , 2002</subfield>
    </datafield>
    <datafield tag="300" ind1=" " ind2=" ">
      <subfield code="a">225 p. : </subfield>
      <subfield code="b">il. ; </subfield>
      <subfield code="a">134 p. : </subfield>
      <subfield code="a">v. : </subfield>
      <subfield code="a">438 p. : </subfield>
      <subfield code="b">il. ; </subfield>
      <subfield code="a">247 p. : </subfield>
      <subfield code="a">164 p. : </subfield>
      <subfield code="b">il. ; </subfield>
      <subfield code="a">330 p. : </subfield>
      <subfield code="a">v. : </subfield>
      <subfield code="a">363 p. : </subfield>
      <subfield code="b">il. ; </subfield>
      <subfield code="a">263 p. : </subfield>
      <subfield code="a">219 p. : </subfield>
      <subfield code="a">174 p. : </subfield>
      <subfield code="a">295 p. : </subfield>
      <subfield code="a">xxii, 919 p. : </subfield>
      <subfield code="a">145 p. : </subfield>
      <subfield code="a">188 p. : </subfield>
      <subfield code="a">63 p. : </subfield>
      <subfield code="b">il. ; </subfield>
      <subfield code="a">73 p. : </subfield>
      <subfield code="a">261 p. : </subfield>
      <subfield code="a">210 p. : </subfield>
      <subfield code="a">254 p. : </subfield>
      <subfield code="b">il. ; </subfield>
      <subfield code="a">328 p. : </subfield>
      <subfield code="b">il. ; </subfield>
      <subfield code="e">1 CD-ROM en bolsillo</subfield>
    </datafield>
    <datafield tag="500" ind1=" " ind2=" ">
      <subfield code="a">Contenido del CD-ROM: tres programas: OFITERM, CALCILUM y OFISONOR, con los que podrá evaluar y diseñar ambientes térmicos, lumninosos y sonoros</subfield>
    </datafield>
    <datafield tag="500" ind1=" " ind2=" ">
      <subfield code="a">El año de reimpresión varía según el ejemplar</subfield>
    </datafield>
    <datafield tag="650" ind1=" " ind2=" ">
      <subfield code="a"> ERGONOMIA</subfield>
    </datafield>
    <datafield tag="650" ind1=" " ind2=" ">
      <subfield code="a"> ENFERMEDADES LABORALES</subfield>
    </datafield>
    <datafield tag="650" ind1=" " ind2=" ">
      <subfield code="a"> PUESTOS DE TRABAJO</subfield>
    </datafield>
    <datafield tag="650" ind1=" " ind2=" ">
      <subfield code="a"> SALUD LABORAL</subfield>
    </datafield>
    <datafield tag="942" ind1=" " ind2=" ">
      <subfield code="c">BK</subfield>
    </datafield>
    <datafield tag="952" ind1=" " ind2=" ">
      <subfield code="a">BIB_RECT</subfield>
      <subfield code="b">BIB_UACO</subfield>
      <subfield code="d">2008-11-17</subfield>
      <subfield code="y">BK</subfield>
      <subfield code="p">02-36805</subfield>
      <subfield code="i">02-36805</subfield>
      <subfield code="g">71</subfield>
      <subfield code="o">331.101.1 M741e 4</subfield>
      <subfield code="e">SIUNPA</subfield>
      <subfield code="8">CG</subfield>
    </datafield>
    <datafield tag="952" ind1=" " ind2=" ">
      <subfield code="a">BIB_RECT</subfield>
      <subfield code="b">BIB_UACO</subfield>
      <subfield code="d">2008-11-17</subfield>
      <subfield code="y">BK</subfield>
      <subfield code="p">02-36806</subfield>
      <subfield code="i">02-36806</subfield>
      <subfield code="g">71</subfield>
      <subfield code="o">331.101.1 M741e 4</subfield>
      <subfield code="e">SIUNPA</subfield>
      <subfield code="8">CG</subfield>
    </datafield>
    <datafield tag="952" ind1=" " ind2=" ">
      <subfield code="a">BIB_RECT</subfield>
      <subfield code="b">BIB_UACO</subfield>
      <subfield code="d">2008-11-17</subfield>
      <subfield code="y">BK</subfield>
      <subfield code="p">02-36807</subfield>
      <subfield code="i">02-36807</subfield>
      <subfield code="g">71</subfield>
      <subfield code="o">331.101.1 M741e 4</subfield>
      <subfield code="e">SIUNPA</subfield>
      <subfield code="8">CG</subfield>
    </datafield>
    <datafield tag="952" ind1=" " ind2=" ">
      <subfield code="a">BIB_RECT</subfield>
      <subfield code="b">BIB_UACO</subfield>
      <subfield code="d">2008-11-17</subfield>
      <subfield code="y">BK</subfield>
      <subfield code="p">02-36808</subfield>
      <subfield code="i">02-36808</subfield>
      <subfield code="g">71</subfield>
      <subfield code="o">331.101.1 M741e 4</subfield>
      <subfield code="e">SIUNPA</subfield>
      <subfield code="8">CG</subfield>
    </datafield>
    <datafield tag="952" ind1=" " ind2=" ">
      <subfield code="a">BIB_RECT</subfield>
      <subfield code="b">BIB_UACO</subfield>
      <subfield code="d">2009-06-26</subfield>
      <subfield code="y">BK</subfield>
      <subfield code="p">02-38083</subfield>
      <subfield code="i">02-38083</subfield>
      <subfield code="g">71</subfield>
      <subfield code="o">331.101.1 M741e 4</subfield>
      <subfield code="e">SIUNPA</subfield>
      <subfield code="8">CG</subfield>
    </datafield>
    <datafield tag="952" ind1=" " ind2=" ">
      <subfield code="a">BIB_RECT</subfield>
      <subfield code="b">BIB_UART</subfield>
      <subfield code="d">2011-09-08</subfield>
      <subfield code="y">BK</subfield>
      <subfield code="p">03-41397</subfield>
      <subfield code="i">03-41397</subfield>
      <subfield code="g">107</subfield>
      <subfield code="o">331.101.1 M741e 4</subfield>
      <subfield code="e">Comprs SIUNPA</subfield>
      <subfield code="8">CG</subfield>
    </datafield>
  </record>