
  <record>
    <leader>01000aam  22002601a 4500</leader>
    <controlfield tag="001">YPZ90390</controlfield>
    <controlfield tag="003">YPZ</controlfield>
    <controlfield tag="005">200812011152560</controlfield>
    <controlfield tag="008">081201|###########||||||b||||||||||spa|d</controlfield>
    <datafield tag="020" ind1=" " ind2=" ">
      <subfield code="a">9702605407</subfield>
    </datafield>
    <datafield tag="040" ind1=" " ind2=" ">
      <subfield code="c">SIUNPA</subfield>
    </datafield>
    <datafield tag="041" ind1=" " ind2=" ">
      <subfield code="a">spa</subfield>
    </datafield>
    <datafield tag="044" ind1=" " ind2=" ">
      <subfield code="a">MX</subfield>
    </datafield>
    <datafield tag="080" ind1=" " ind2=" ">
      <subfield code="a">658.84 B193l5</subfield>
    </datafield>
    <datafield tag="100" ind1=" " ind2=" ">
      <subfield code="a">Ballou, Ronald H..</subfield>
    </datafield>
    <datafield tag="245" ind1=" " ind2=" ">
      <subfield code="a">Logística</subfield>
      <subfield code="b"> : administración de la cadena de suministro. Quinta edición</subfield>
      <subfield code="c"> / Mendoza Barraza, Carlos, tr. ; Herrero Díaz, María Jesús, tr. ; Martínez del Campo Varela, Guillermo, rev. técnica ; Fernández Gamero, Ángel, rev. técnica</subfield>
    </datafield>
    <datafield tag="260" ind1=" " ind2=" ">
      <subfield code="a">Naulcalpan de Juárez</subfield>
      <subfield code="b"> : Pearson Educación</subfield>
      <subfield code="c"> , 2004</subfield>
    </datafield>
    <datafield tag="300" ind1=" " ind2=" ">
      <subfield code="a">xxv, 571 p. : </subfield>
      <subfield code="b">il. ; </subfield>
      <subfield code="a">458 p. : </subfield>
      <subfield code="b">il. ; </subfield>
      <subfield code="a">xvii, 412 p. : </subfield>
      <subfield code="b">il. ; </subfield>
      <subfield code="a">xxiv, 1212 p. : </subfield>
      <subfield code="b">il. ; </subfield>
      <subfield code="a">212 p. : </subfield>
      <subfield code="b">il. ; </subfield>
      <subfield code="a">ix, 372 p. : </subfield>
      <subfield code="b">il. ; </subfield>
      <subfield code="a">389 p. : </subfield>
      <subfield code="a">xv, 361 p. : </subfield>
      <subfield code="b">il. ; </subfield>
      <subfield code="a">xi, 272 p. : </subfield>
      <subfield code="b">il. ; </subfield>
      <subfield code="a">616 p. : </subfield>
      <subfield code="b">il. ; </subfield>
      <subfield code="a">421 p. : </subfield>
      <subfield code="a">xxi, 513 p. : </subfield>
      <subfield code="b">il. ; </subfield>
      <subfield code="a">xxii, 789 p. : </subfield>
      <subfield code="b">il. ; </subfield>
      <subfield code="e">1 CD-ROM en bolsillo</subfield>
    </datafield>
    <datafield tag="500" ind1=" " ind2=" ">
      <subfield code="a">Contenido del CD-ROM: El texto incluye un software como ayuda para la resolución de los problemas de logística y de la cadena de suministro, lo que refleja el crecimiento uso de la tecnología de infomática en la toma de decisiones administrativas</subfield>
    </datafield>
    <datafield tag="650" ind1=" " ind2=" ">
      <subfield code="a"> LOGISTICA  ADMINISTRACION DE EMPRESAS</subfield>
    </datafield>
    <datafield tag="650" ind1=" " ind2=" ">
      <subfield code="a"> NEGOCIOS </subfield>
    </datafield>
    <datafield tag="650" ind1=" " ind2=" ">
      <subfield code="a"> ESTRATEGIA EMPRESARIAL</subfield>
    </datafield>
    <datafield tag="650" ind1=" " ind2=" ">
      <subfield code="a"> PLANIFICACION EMPRESARIAL</subfield>
    </datafield>
    <datafield tag="650" ind1=" " ind2=" ">
      <subfield code="a"> TOMA DE DECISIONES</subfield>
    </datafield>
    <datafield tag="650" ind1=" " ind2=" ">
      <subfield code="a"> GESTION EMPRESARIAL</subfield>
    </datafield>
    <datafield tag="942" ind1=" " ind2=" ">
      <subfield code="c">BK</subfield>
    </datafield>
    <datafield tag="952" ind1=" " ind2=" ">
      <subfield code="a">BIB_RECT</subfield>
      <subfield code="b">BIB_UACO</subfield>
      <subfield code="d">2008-11-11</subfield>
      <subfield code="y">BK</subfield>
      <subfield code="p">02-36803</subfield>
      <subfield code="i">02-36803</subfield>
      <subfield code="g">101</subfield>
      <subfield code="o">658.84 B193l5</subfield>
      <subfield code="e">SIUNPA</subfield>
      <subfield code="8">CG</subfield>
    </datafield>
  </record>