
  <record>
    <leader>01000aam  22002601a 4500</leader>
    <controlfield tag="001">YPZ90403</controlfield>
    <controlfield tag="003">YPZ</controlfield>
    <controlfield tag="005">200812031145400</controlfield>
    <controlfield tag="008">081203|###########||||||b||||||||||spa|d</controlfield>
    <datafield tag="020" ind1=" " ind2=" ">
      <subfield code="a">8484760928</subfield>
    </datafield>
    <datafield tag="040" ind1=" " ind2=" ">
      <subfield code="c">SIUNPA</subfield>
    </datafield>
    <datafield tag="041" ind1=" " ind2=" ">
      <subfield code="a">spa</subfield>
    </datafield>
    <datafield tag="044" ind1=" " ind2=" ">
      <subfield code="a">ES</subfield>
    </datafield>
    <datafield tag="080" ind1=" " ind2=" ">
      <subfield code="a">631.67 R696r</subfield>
    </datafield>
    <datafield tag="100" ind1=" " ind2=" ">
      <subfield code="a">Rodrigo López, Jesús Luis.</subfield>
    </datafield>
    <datafield tag="700" ind1=" " ind2=" ">
      <subfield code="a">Cordero Ordóñez, Lucinio.</subfield>
    </datafield>
    <datafield tag="245" ind1=" " ind2=" ">
      <subfield code="a">Riego localizado</subfield>
      <subfield code="b"> : programas informáticos para Windows</subfield>
    </datafield>
    <datafield tag="260" ind1=" " ind2=" ">
      <subfield code="a">Madrid</subfield>
      <subfield code="b"> : Mundi-Prensa</subfield>
      <subfield code="c"> , 2002</subfield>
    </datafield>
    <datafield tag="300" ind1=" " ind2=" ">
      <subfield code="a">xii, 445 p. : </subfield>
      <subfield code="b">il. ; </subfield>
      <subfield code="a">224 p. : </subfield>
      <subfield code="b">cuadros, gráf. ; </subfield>
      <subfield code="a">224 p. : </subfield>
      <subfield code="b">cuadros, gráf. ; </subfield>
      <subfield code="a">235 p. : </subfield>
      <subfield code="b">il. ; </subfield>
      <subfield code="a">xviii, 165 p. : </subfield>
      <subfield code="b">il. ; </subfield>
      <subfield code="a">vii, 238 p. : </subfield>
      <subfield code="b">il. ; </subfield>
      <subfield code="a">782 p. : </subfield>
      <subfield code="b">il. ; </subfield>
      <subfield code="a">486 p. : </subfield>
      <subfield code="a">360 p. : </subfield>
      <subfield code="a">177 p. : </subfield>
      <subfield code="a">xviii, 378 p. : </subfield>
      <subfield code="b">il. ; </subfield>
      <subfield code="a">94 p. : </subfield>
      <subfield code="b">il. ; </subfield>
      <subfield code="a">157 p. : </subfield>
      <subfield code="b">il. ; </subfield>
      <subfield code="e">1 CD-ROM en bolsillo</subfield>
    </datafield>
    <datafield tag="650" ind1=" " ind2=" ">
      <subfield code="a"> RIEGO</subfield>
    </datafield>
    <datafield tag="650" ind1=" " ind2=" ">
      <subfield code="a"> INFORMATICA APLICADA</subfield>
    </datafield>
    <datafield tag="942" ind1=" " ind2=" ">
      <subfield code="c">BK</subfield>
    </datafield>
    <datafield tag="952" ind1=" " ind2=" ">
      <subfield code="a">BIB_RECT</subfield>
      <subfield code="b">BIB_UACO</subfield>
      <subfield code="d">2008-12-03</subfield>
      <subfield code="y">BK</subfield>
      <subfield code="p">02-36783</subfield>
      <subfield code="i">02-36783</subfield>
      <subfield code="g">124</subfield>
      <subfield code="o">631.67 R696r</subfield>
      <subfield code="e">SIUNPA</subfield>
      <subfield code="8">CG</subfield>
    </datafield>
    <datafield tag="952" ind1=" " ind2=" ">
      <subfield code="a">BIB_RECT</subfield>
      <subfield code="b">BIB_UACO</subfield>
      <subfield code="d">2008-12-03</subfield>
      <subfield code="y">BK</subfield>
      <subfield code="p">02-36784</subfield>
      <subfield code="i">02-36784</subfield>
      <subfield code="g">124</subfield>
      <subfield code="o">631.67 R696r</subfield>
      <subfield code="e">SIUNPA</subfield>
      <subfield code="8">CG</subfield>
    </datafield>
  </record>