
  <record>
    <leader>01000aam  22002601a 4500</leader>
    <controlfield tag="001">YPZ90406</controlfield>
    <controlfield tag="003">YPZ</controlfield>
    <controlfield tag="005">200812041308070</controlfield>
    <controlfield tag="008">081204|###########||||||b||||||||||spa|d</controlfield>
    <datafield tag="020" ind1=" " ind2=" ">
      <subfield code="a">8479787880</subfield>
    </datafield>
    <datafield tag="040" ind1=" " ind2=" ">
      <subfield code="c">SIUNPA</subfield>
    </datafield>
    <datafield tag="041" ind1=" " ind2=" ">
      <subfield code="a">spa</subfield>
    </datafield>
    <datafield tag="044" ind1=" " ind2=" ">
      <subfield code="a">ES</subfield>
    </datafield>
    <datafield tag="080" ind1=" " ind2=" ">
      <subfield code="a">331.452 S161g</subfield>
    </datafield>
    <datafield tag="100" ind1=" " ind2=" ">
      <subfield code="a">Salas Nestares, Carmen de.</subfield>
    </datafield>
    <datafield tag="700" ind1=" " ind2=" ">
      <subfield code="a">Arriaga Álvarez, Enrique.</subfield>
    </datafield>
    <datafield tag="700" ind1=" " ind2=" ">
      <subfield code="a">Pla Velarde, Enrique.</subfield>
    </datafield>
    <datafield tag="245" ind1=" " ind2=" ">
      <subfield code="a">Guía para auditorías del sistema de gestión de prevención de riesgos laborales</subfield>
      <subfield code="b"> : (auditoría legal, OHSAS 18001 y criterios OIT)</subfield>
    </datafield>
    <datafield tag="260" ind1=" " ind2=" ">
      <subfield code="a">Madrid</subfield>
      <subfield code="b"> : Díaz de Santos</subfield>
      <subfield code="b"> : Asociación Española para la Calidad, AEC</subfield>
      <subfield code="c"> , 2006</subfield>
    </datafield>
    <datafield tag="500" ind1=" " ind2=" ">
      <subfield code="a">En portada: Actualizada con las modificaciones del Real decreto 604/2006, de 19 de mayo</subfield>
    </datafield>
    <datafield tag="650" ind1=" " ind2=" ">
      <subfield code="a"> SEGURIDAD DEL TRABAJO</subfield>
    </datafield>
    <datafield tag="650" ind1=" " ind2=" ">
      <subfield code="a"> ACCIDENTES DEL TRABAJO</subfield>
    </datafield>
    <datafield tag="650" ind1=" " ind2=" ">
      <subfield code="a"> PREVENCION DE ACCIDENTE</subfield>
    </datafield>
    <datafield tag="942" ind1=" " ind2=" ">
      <subfield code="c">BK</subfield>
    </datafield>
    <datafield tag="952" ind1=" " ind2=" ">
      <subfield code="a">BIB_RECT</subfield>
      <subfield code="b">BIB_UACO</subfield>
      <subfield code="d">2008-11-17</subfield>
      <subfield code="y">BK</subfield>
      <subfield code="p">02-36773</subfield>
      <subfield code="i">02-36773</subfield>
      <subfield code="g">45</subfield>
      <subfield code="o">331.452 S161g</subfield>
      <subfield code="e">SIUNPA</subfield>
      <subfield code="8">CG</subfield>
    </datafield>
    <datafield tag="952" ind1=" " ind2=" ">
      <subfield code="a">BIB_RECT</subfield>
      <subfield code="b">BIB_UACO</subfield>
      <subfield code="d">2008-11-17</subfield>
      <subfield code="y">BK</subfield>
      <subfield code="p">02-36774</subfield>
      <subfield code="i">02-36774</subfield>
      <subfield code="g">45</subfield>
      <subfield code="o">331.452 S161g</subfield>
      <subfield code="e">SIUNPA</subfield>
      <subfield code="8">CG</subfield>
    </datafield>
    <datafield tag="952" ind1=" " ind2=" ">
      <subfield code="a">BIB_RECT</subfield>
      <subfield code="b">BIB_UACO</subfield>
      <subfield code="d">2008-11-17</subfield>
      <subfield code="y">BK</subfield>
      <subfield code="p">02-36775</subfield>
      <subfield code="i">02-36775</subfield>
      <subfield code="g">45</subfield>
      <subfield code="o">331.452 S161g</subfield>
      <subfield code="e">SIUNPA</subfield>
      <subfield code="8">CG</subfield>
    </datafield>
    <datafield tag="952" ind1=" " ind2=" ">
      <subfield code="a">BIB_RECT</subfield>
      <subfield code="b">BIB_UACO</subfield>
      <subfield code="d">2008-11-17</subfield>
      <subfield code="y">BK</subfield>
      <subfield code="p">02-36776</subfield>
      <subfield code="i">02-36776</subfield>
      <subfield code="g">45</subfield>
      <subfield code="o">331.452 S161g</subfield>
      <subfield code="e">SIUNPA</subfield>
      <subfield code="8">CG</subfield>
    </datafield>
    <datafield tag="952" ind1=" " ind2=" ">
      <subfield code="a">BIB_RECT</subfield>
      <subfield code="b">BIB_UACO</subfield>
      <subfield code="d">2008-11-17</subfield>
      <subfield code="y">BK</subfield>
      <subfield code="p">02-36777</subfield>
      <subfield code="i">02-36777</subfield>
      <subfield code="g">45</subfield>
      <subfield code="o">331.452 S161g</subfield>
      <subfield code="e">SIUNPA</subfield>
      <subfield code="8">CG</subfield>
    </datafield>
    <datafield tag="952" ind1=" " ind2=" ">
      <subfield code="a">BIB_RECT</subfield>
      <subfield code="b">BIB_UACO</subfield>
      <subfield code="d">2013-08-06</subfield>
      <subfield code="y">BK</subfield>
      <subfield code="p">02-45138</subfield>
      <subfield code="i">02-45138</subfield>
      <subfield code="g">79</subfield>
      <subfield code="o">331.452 S161g</subfield>
      <subfield code="e">Compra SIUNPA</subfield>
      <subfield code="8">CG</subfield>
    </datafield>
    <datafield tag="952" ind1=" " ind2=" ">
      <subfield code="a">BIB_RECT</subfield>
      <subfield code="b">BIB_UACO</subfield>
      <subfield code="d">2013-08-06</subfield>
      <subfield code="y">BK</subfield>
      <subfield code="p">02-45139</subfield>
      <subfield code="i">02-45139</subfield>
      <subfield code="g">79</subfield>
      <subfield code="o">331.452 S161g</subfield>
      <subfield code="e">Compra SIUNPA</subfield>
      <subfield code="8">CG</subfield>
    </datafield>
    <datafield tag="952" ind1=" " ind2=" ">
      <subfield code="a">BIB_RECT</subfield>
      <subfield code="b">BIB_UART</subfield>
      <subfield code="d">2011-09-08</subfield>
      <subfield code="y">BK</subfield>
      <subfield code="p">03-41393</subfield>
      <subfield code="i">03-41393</subfield>
      <subfield code="g">58</subfield>
      <subfield code="o">331.452 S161g</subfield>
      <subfield code="e">Compra SIUNPA</subfield>
      <subfield code="8">CG</subfield>
    </datafield>
  </record>