
  <record>
    <leader>01000aam  22002601a 4500</leader>
    <controlfield tag="001">YPZ90413</controlfield>
    <controlfield tag="003">YPZ</controlfield>
    <controlfield tag="005">200812041619090</controlfield>
    <controlfield tag="008">081204|###########||||||b||||||||||spa|d</controlfield>
    <datafield tag="020" ind1=" " ind2=" ">
      <subfield code="a">9789504002369</subfield>
    </datafield>
    <datafield tag="040" ind1=" " ind2=" ">
      <subfield code="c">SIUNPA</subfield>
    </datafield>
    <datafield tag="041" ind1=" " ind2=" ">
      <subfield code="a">spa</subfield>
    </datafield>
    <datafield tag="044" ind1=" " ind2=" ">
      <subfield code="a">AR</subfield>
    </datafield>
    <datafield tag="080" ind1=" " ind2=" ">
      <subfield code="a">94(7/8) H195h7</subfield>
    </datafield>
    <datafield tag="100" ind1=" " ind2=" ">
      <subfield code="a">Halperin Donghi, Tulio.</subfield>
    </datafield>
    <datafield tag="245" ind1=" " ind2=" ">
      <subfield code="a">Historia contemporánea de América Latina</subfield>
    </datafield>
    <datafield tag="250" ind1=" " ind2=" ">
      <subfield code="a">7a ed.</subfield>
    </datafield>
    <datafield tag="260" ind1=" " ind2=" ">
      <subfield code="a">Buenos Aires</subfield>
      <subfield code="b"> : Alianza</subfield>
      <subfield code="c"> , 2008</subfield>
    </datafield>
    <datafield tag="440" ind1=" " ind2=" ">
      <subfield code="a">Serie memorias / Instituto Matïas Romero de Estudios Diplomáticos</subfield>
      <subfield code="a">Colección la torre inclinada</subfield>
      <subfield code="a">Respuestas educativas</subfield>
      <subfield code="a">Paso a paso</subfield>
      <subfield code="a">Biblioteca Alfagrama. Serie educación</subfield>
      <subfield code="a">Interés general</subfield>
      <subfield code="a">Colección el número de oro</subfield>
      <subfield code="a">Biblioteca nuevas orientaciones de la educación. Formación docente</subfield>
      <subfield code="a">Sección de obras de Antropología</subfield>
      <subfield code="a">Ensayo / Edhasa</subfield>
      <subfield code="a">Colección respuestas educativas</subfield>
      <subfield code="a">Schaum</subfield>
      <subfield code="a">Colección alternativas en salud mental</subfield>
      <subfield code="a">Colección alternativas en salud mental</subfield>
      <subfield code="a">Respuestas educativas</subfield>
      <subfield code="a">Alianza estudio</subfield>
      <subfield code="v">3</subfield>
    </datafield>
    <datafield tag="490" ind1=" " ind2=" ">
      <subfield code="a">Serie memorias / Instituto Matïas Romero de Estudios Diplomáticos</subfield>
      <subfield code="a">Colección la torre inclinada</subfield>
      <subfield code="a">Respuestas educativas</subfield>
      <subfield code="a">Paso a paso</subfield>
      <subfield code="a">Biblioteca Alfagrama. Serie educación</subfield>
      <subfield code="a">Interés general</subfield>
      <subfield code="a">Colección el número de oro</subfield>
      <subfield code="a">Biblioteca nuevas orientaciones de la educación. Formación docente</subfield>
      <subfield code="a">Sección de obras de Antropología</subfield>
      <subfield code="a">Ensayo / Edhasa</subfield>
      <subfield code="a">Colección respuestas educativas</subfield>
      <subfield code="a">Schaum</subfield>
      <subfield code="a">Colección alternativas en salud mental</subfield>
      <subfield code="a">Colección alternativas en salud mental</subfield>
      <subfield code="a">Respuestas educativas</subfield>
      <subfield code="a">Alianza estudio</subfield>
      <subfield code="v">3</subfield>
    </datafield>
    <datafield tag="650" ind1=" " ind2=" ">
      <subfield code="a"> HISTORIA LATINOAMERICANA</subfield>
    </datafield>
    <datafield tag="650" ind1=" " ind2=" ">
      <subfield code="a"> SIGLO XX</subfield>
    </datafield>
    <datafield tag="942" ind1=" " ind2=" ">
      <subfield code="c">BK</subfield>
    </datafield>
    <datafield tag="952" ind1=" " ind2=" ">
      <subfield code="a">BIB_RECT</subfield>
      <subfield code="b">BIB_UART</subfield>
      <subfield code="d">2008-12-01</subfield>
      <subfield code="y">BK</subfield>
      <subfield code="p">03-36630</subfield>
      <subfield code="i">03-36630</subfield>
      <subfield code="g">62</subfield>
      <subfield code="o">94(7/8) H195h7</subfield>
      <subfield code="e">SIUNPA</subfield>
      <subfield code="8">CG</subfield>
    </datafield>
  </record>