
  <record>
    <leader>01000aam  22002601a 4500</leader>
    <controlfield tag="001">YPZ90441</controlfield>
    <controlfield tag="003">YPZ</controlfield>
    <controlfield tag="005">200812091708440</controlfield>
    <controlfield tag="008">081209|###########||||||b||||||||||spa|d</controlfield>
    <datafield tag="020" ind1=" " ind2=" ">
      <subfield code="a">9702606438</subfield>
    </datafield>
    <datafield tag="040" ind1=" " ind2=" ">
      <subfield code="c">SIUNPA</subfield>
    </datafield>
    <datafield tag="041" ind1=" " ind2=" ">
      <subfield code="a">spa</subfield>
    </datafield>
    <datafield tag="044" ind1=" " ind2=" ">
      <subfield code="a">MX</subfield>
    </datafield>
    <datafield tag="080" ind1=" " ind2=" ">
      <subfield code="a">517 T456c11</subfield>
    </datafield>
    <datafield tag="100" ind1=" " ind2=" ">
      <subfield code="a">Thomas, George B..</subfield>
    </datafield>
    <datafield tag="245" ind1=" " ind2=" ">
      <subfield code="a">Cálculo</subfield>
      <subfield code="b"> : una variable. Undécima edición</subfield>
      <subfield code="c"> / Weir, Maurice D., rev. por ; Hass, Joel, rev. por ; Giordano, Frank R., rev. por ; Oteyza de Oteyza, Elena de, tr. ; Ibarra Mercado, Víctor Hugo, tr. ; Bosh Giral, Carlos, rev. técnica ; García García, César Luis, rev. técnica ; Gómez Wulschner, Claudia, rev. técnica ; Pedraza Pérez, Mauricio, rev. técnica ; Barrón García, María Elisa, rev. técnica ; Nuñez Malherbe, Roberto, rev. técnica ; González Piña, Francisco Javier, rev. técnica ; Zea, Carlos, rev. técnica ; Botto, José, rev. técnica ; Sastre, Emilio, rev. técnica ; Merchan Abril, Antonio, rev. técnica ; Montaño Carreño, Óscar Andrés, rev. técnica ; Sánchez, Leonardo, rev. técnica ; Piedra, René, rev. técnica ; Brito, María Rosa, rev. técnica ; Syers Hernández, Antonio José, rev. técnica</subfield>
    </datafield>
    <datafield tag="260" ind1=" " ind2=" ">
      <subfield code="a">México, D.F.</subfield>
      <subfield code="b"> : Pearson Educación</subfield>
      <subfield code="c"> , 2006</subfield>
    </datafield>
    <datafield tag="650" ind1=" " ind2=" ">
      <subfield code="a"> FUNCIONES TRASCENDENTES</subfield>
    </datafield>
    <datafield tag="650" ind1=" " ind2=" ">
      <subfield code="a"> CALCULO (MATEMATICAS) </subfield>
    </datafield>
    <datafield tag="650" ind1=" " ind2=" ">
      <subfield code="a"> VECTORES (MATEMATICAS)</subfield>
    </datafield>
    <datafield tag="650" ind1=" " ind2=" ">
      <subfield code="a"> LIMITES (MATEMATICAS)</subfield>
    </datafield>
    <datafield tag="650" ind1=" " ind2=" ">
      <subfield code="a"> CONTINUIDAD (MATEMATICA)</subfield>
    </datafield>
    <datafield tag="650" ind1=" " ind2=" ">
      <subfield code="a"> DERIVADAS</subfield>
    </datafield>
    <datafield tag="942" ind1=" " ind2=" ">
      <subfield code="c">BK</subfield>
    </datafield>
    <datafield tag="952" ind1=" " ind2=" ">
      <subfield code="a">BIB_RECT</subfield>
      <subfield code="b">BIB_UASJ</subfield>
      <subfield code="d">2008-11-11</subfield>
      <subfield code="y">BK</subfield>
      <subfield code="p">04-36691</subfield>
      <subfield code="i">04-36691</subfield>
      <subfield code="g">84</subfield>
      <subfield code="o">517 T456c11</subfield>
      <subfield code="e">SIUNPA</subfield>
      <subfield code="8">CG</subfield>
    </datafield>
  </record>