
  <record>
    <leader>01000aam  22002601a 4500</leader>
    <controlfield tag="001">YPZ90445</controlfield>
    <controlfield tag="003">YPZ</controlfield>
    <controlfield tag="005">200812101115100</controlfield>
    <controlfield tag="008">081210|###########||||||b||||||||||spa|d</controlfield>
    <datafield tag="020" ind1=" " ind2=" ">
      <subfield code="a">9702609674</subfield>
    </datafield>
    <datafield tag="020" ind1=" " ind2=" ">
      <subfield code="a">9789702609674</subfield>
    </datafield>
    <datafield tag="040" ind1=" " ind2=" ">
      <subfield code="c">SIUNPA</subfield>
    </datafield>
    <datafield tag="041" ind1=" " ind2=" ">
      <subfield code="a">spa</subfield>
    </datafield>
    <datafield tag="044" ind1=" " ind2=" ">
      <subfield code="a">MX</subfield>
    </datafield>
    <datafield tag="080" ind1=" " ind2=" ">
      <subfield code="a">621.3 F645p8</subfield>
    </datafield>
    <datafield tag="100" ind1=" " ind2=" ">
      <subfield code="a">Floyd, Thomas L..</subfield>
    </datafield>
    <datafield tag="245" ind1=" " ind2=" ">
      <subfield code="a">Principios de circuitos eléctricos</subfield>
      <subfield code="b"> : octava edición</subfield>
      <subfield code="c"> / Navarro Salas, Rodolfo, tr. ; Ortega González, Luis Mauro, rev. técnica ; Pérez López, Gustavo, rev. técnica</subfield>
    </datafield>
    <datafield tag="250" ind1=" " ind2=" ">
      <subfield code="a">8a ed.</subfield>
    </datafield>
    <datafield tag="260" ind1=" " ind2=" ">
      <subfield code="a">Naulcalpan de Juárez</subfield>
      <subfield code="b"> : Pearson Educación</subfield>
      <subfield code="c"> , 2007</subfield>
    </datafield>
    <datafield tag="300" ind1=" " ind2=" ">
      <subfield code="a">344 p. : </subfield>
      <subfield code="b">il. ; </subfield>
      <subfield code="a">xxii, 130 p. : </subfield>
      <subfield code="b">mapas ; </subfield>
      <subfield code="a">87 p. : </subfield>
      <subfield code="b">il. ; </subfield>
      <subfield code="a">63 p. : </subfield>
      <subfield code="b">il. ; </subfield>
      <subfield code="a">142 p : </subfield>
      <subfield code="b">il. ; </subfield>
      <subfield code="a">285 p. : </subfield>
      <subfield code="a">xxix, 882 p. : </subfield>
      <subfield code="b">il. ; </subfield>
      <subfield code="a">427 p. : </subfield>
      <subfield code="a">120 p. : </subfield>
      <subfield code="b">il. ; </subfield>
      <subfield code="a">270 p. : </subfield>
      <subfield code="a">vii, 660 p. : </subfield>
      <subfield code="b">il. ; </subfield>
      <subfield code="a">340 p. : </subfield>
      <subfield code="a">103 p. : </subfield>
      <subfield code="b">il. ; </subfield>
      <subfield code="a">747 p. : </subfield>
      <subfield code="a">475 p. : </subfield>
      <subfield code="a">423 p. : </subfield>
      <subfield code="b">il. ; </subfield>
      <subfield code="a">260 p. : </subfield>
      <subfield code="a">108 p. : </subfield>
      <subfield code="a">62 p. : </subfield>
      <subfield code="b">il. ; </subfield>
      <subfield code="a">114 p. : </subfield>
      <subfield code="b">il. ; </subfield>
      <subfield code="a">134 p. : </subfield>
      <subfield code="b">il. ; </subfield>
      <subfield code="a">583 p. : </subfield>
      <subfield code="b">il. ; </subfield>
      <subfield code="a">xxii, 510 p. : </subfield>
      <subfield code="b">il. ; </subfield>
      <subfield code="a">xxxii, 238 p. : </subfield>
      <subfield code="a">xvi, [787] p. en varias paginaciones : </subfield>
      <subfield code="b">il. ; </subfield>
      <subfield code="a">366 p. : </subfield>
      <subfield code="b">il. ; </subfield>
      <subfield code="a">xii, 180 p. : </subfield>
      <subfield code="b">il. ; </subfield>
      <subfield code="a">376 p. : </subfield>
      <subfield code="b">il. ; </subfield>
      <subfield code="a">xvii, 948 p. : </subfield>
      <subfield code="b">il. ; </subfield>
      <subfield code="e">1 CD-ROM en bolsillo</subfield>
    </datafield>
    <datafield tag="650" ind1=" " ind2=" ">
      <subfield code="a"> CIRCUITOS ELECTRICOS</subfield>
    </datafield>
    <datafield tag="942" ind1=" " ind2=" ">
      <subfield code="c">BK</subfield>
    </datafield>
    <datafield tag="952" ind1=" " ind2=" ">
      <subfield code="a">BIB_RECT</subfield>
      <subfield code="b">BIB_UASJ</subfield>
      <subfield code="d">2008-11-10</subfield>
      <subfield code="y">BK</subfield>
      <subfield code="p">04-36692</subfield>
      <subfield code="i">04-36692</subfield>
      <subfield code="g">120</subfield>
      <subfield code="o">621.3 F645p8</subfield>
      <subfield code="e">SIUNPA</subfield>
      <subfield code="8">CG</subfield>
    </datafield>
  </record>