
  <record>
    <leader>01000aam  22002601a 4500</leader>
    <controlfield tag="001">YPZ90461</controlfield>
    <controlfield tag="003">YPZ</controlfield>
    <controlfield tag="005">200812121345250</controlfield>
    <controlfield tag="008">081212|###########||||||b||||||||||spa|d</controlfield>
    <datafield tag="020" ind1=" " ind2=" ">
      <subfield code="a">8478272852</subfield>
    </datafield>
    <datafield tag="040" ind1=" " ind2=" ">
      <subfield code="c">SIUNPA</subfield>
    </datafield>
    <datafield tag="041" ind1=" " ind2=" ">
      <subfield code="a">spa</subfield>
    </datafield>
    <datafield tag="044" ind1=" " ind2=" ">
      <subfield code="a">ES</subfield>
    </datafield>
    <datafield tag="080" ind1=" " ind2=" ">
      <subfield code="a">372.85 E897e</subfield>
    </datafield>
    <datafield tag="100" ind1=" " ind2=" ">
      <subfield code="a">Jiménez Aleixandre, María Pilar.</subfield>
    </datafield>
    <datafield tag="700" ind1=" " ind2=" ">
      <subfield code="a">Caamaño, Aureli.</subfield>
    </datafield>
    <datafield tag="700" ind1=" " ind2=" ">
      <subfield code="a">Oñorbe, Ana.</subfield>
    </datafield>
    <datafield tag="700" ind1=" " ind2=" ">
      <subfield code="a">Pedrinaci, Emilio.</subfield>
    </datafield>
    <datafield tag="700" ind1=" " ind2=" ">
      <subfield code="a">Pro Bueno, Antonio de.</subfield>
    </datafield>
    <datafield tag="245" ind1=" " ind2=" ">
      <subfield code="a">Enseñar ciencias</subfield>
      <subfield code="c"> / Jiménez Aleixandre, María Pilar, coordinadora</subfield>
    </datafield>
    <datafield tag="260" ind1=" " ind2=" ">
      <subfield code="a">Barcelona</subfield>
      <subfield code="b"> : Graó</subfield>
      <subfield code="c"> , 2003</subfield>
    </datafield>
    <datafield tag="440" ind1=" " ind2=" ">
      <subfield code="a">Schaum</subfield>
      <subfield code="a">Colección práctica. Impuestos</subfield>
      <subfield code="a">Enciclopedia semiológica</subfield>
      <subfield code="a">Nueva carrera docente. Serie el abecé de...</subfield>
      <subfield code="a">Colección Ingeniería del medio ambiente</subfield>
      <subfield code="a">Serie mayor / Crítica</subfield>
      <subfield code="a">Serie didáctica de las ciencias experimentales</subfield>
      <subfield code="v">176</subfield>
    </datafield>
    <datafield tag="490" ind1=" " ind2=" ">
      <subfield code="a">Schaum</subfield>
      <subfield code="a">Colección práctica. Impuestos</subfield>
      <subfield code="a">Enciclopedia semiológica</subfield>
      <subfield code="a">Nueva carrera docente. Serie el abecé de...</subfield>
      <subfield code="a">Colección Ingeniería del medio ambiente</subfield>
      <subfield code="a">Serie mayor / Crítica</subfield>
      <subfield code="a">Serie didáctica de las ciencias experimentales</subfield>
      <subfield code="v">176</subfield>
    </datafield>
    <datafield tag="650" ind1=" " ind2=" ">
      <subfield code="a"> ENSEÑANZA DE LAS CIENCIAS NATURALES</subfield>
    </datafield>
    <datafield tag="650" ind1=" " ind2=" ">
      <subfield code="a"> METODOS DE ENSEÑANZA</subfield>
    </datafield>
    <datafield tag="650" ind1=" " ind2=" ">
      <subfield code="a"> ACTIVIDADES DE APRENDIZAJE</subfield>
    </datafield>
    <datafield tag="650" ind1=" " ind2=" ">
      <subfield code="a"> ENSEÑANZA DE LA CIENCIA</subfield>
    </datafield>
    <datafield tag="942" ind1=" " ind2=" ">
      <subfield code="c">BK</subfield>
    </datafield>
    <datafield tag="952" ind1=" " ind2=" ">
      <subfield code="a">BIB_RECT</subfield>
      <subfield code="b">BIB_UART</subfield>
      <subfield code="d">2008-12-14</subfield>
      <subfield code="y">BK</subfield>
      <subfield code="p">03-36855</subfield>
      <subfield code="i">03-36855</subfield>
      <subfield code="g">131</subfield>
      <subfield code="o">372.85 E897e</subfield>
      <subfield code="e">SIUNPA</subfield>
      <subfield code="8">CG</subfield>
    </datafield>
    <datafield tag="952" ind1=" " ind2=" ">
      <subfield code="a">BIB_RECT</subfield>
      <subfield code="b">BIB_UART</subfield>
      <subfield code="d">2008-12-14</subfield>
      <subfield code="y">BK</subfield>
      <subfield code="p">03-36856</subfield>
      <subfield code="i">03-36856</subfield>
      <subfield code="g">131</subfield>
      <subfield code="o">372.85 E897e</subfield>
      <subfield code="e">SIUNPA</subfield>
      <subfield code="8">CG</subfield>
    </datafield>
  </record>