
  <record>
    <leader>01000aam  22002601a 4500</leader>
    <controlfield tag="001">YPZ90468</controlfield>
    <controlfield tag="003">YPZ</controlfield>
    <controlfield tag="005">200812121605010</controlfield>
    <controlfield tag="008">081212|###########||||||b||||||||||spa|d</controlfield>
    <datafield tag="020" ind1=" " ind2=" ">
      <subfield code="a">9871061234</subfield>
    </datafield>
    <datafield tag="040" ind1=" " ind2=" ">
      <subfield code="c">SIUNPA</subfield>
    </datafield>
    <datafield tag="041" ind1=" " ind2=" ">
      <subfield code="a">spa</subfield>
    </datafield>
    <datafield tag="044" ind1=" " ind2=" ">
      <subfield code="a">AR</subfield>
    </datafield>
    <datafield tag="080" ind1=" " ind2=" ">
      <subfield code="a">373.23 I892i</subfield>
    </datafield>
    <datafield tag="100" ind1=" " ind2=" ">
      <subfield code="a">Origlio, Fabrizio.</subfield>
    </datafield>
    <datafield tag="700" ind1=" " ind2=" ">
      <subfield code="a">Aquino, Mirtha G..</subfield>
    </datafield>
    <datafield tag="700" ind1=" " ind2=" ">
      <subfield code="a">Azzerboni, Delia R..</subfield>
    </datafield>
    <datafield tag="700" ind1=" " ind2=" ">
      <subfield code="a">Pitluk, Laura.</subfield>
    </datafield>
    <datafield tag="700" ind1=" " ind2=" ">
      <subfield code="a">Rubí, Diana.</subfield>
    </datafield>
    <datafield tag="245" ind1=" " ind2=" ">
      <subfield code="a">Itinerarios didácticos para el ciclo maternal</subfield>
      <subfield code="b"> : propuestas educativas de 0 a 3 años</subfield>
      <subfield code="c"> / Salvi, Darío, il.</subfield>
    </datafield>
    <datafield tag="260" ind1=" " ind2=" ">
      <subfield code="a">Buenos Aires</subfield>
      <subfield code="b"> : Hola Chicos</subfield>
      <subfield code="c"> , 2005</subfield>
    </datafield>
    <datafield tag="650" ind1=" " ind2=" ">
      <subfield code="a"> ESCUELAS MATERNALES</subfield>
    </datafield>
    <datafield tag="650" ind1=" " ind2=" ">
      <subfield code="a"> JARDINES DE INFANCIA</subfield>
    </datafield>
    <datafield tag="650" ind1=" " ind2=" ">
      <subfield code="a"> JUEGOS EDUCATIVOS</subfield>
    </datafield>
    <datafield tag="650" ind1=" " ind2=" ">
      <subfield code="a"> TECNICAS DIDACTICAS</subfield>
    </datafield>
    <datafield tag="650" ind1=" " ind2=" ">
      <subfield code="a"> ACTIVIDADES DE APRENDIZAJE</subfield>
    </datafield>
    <datafield tag="942" ind1=" " ind2=" ">
      <subfield code="c">BK</subfield>
    </datafield>
    <datafield tag="952" ind1=" " ind2=" ">
      <subfield code="a">BIB_RECT</subfield>
      <subfield code="b">BIB_UACO</subfield>
      <subfield code="d">2009-03-23</subfield>
      <subfield code="y">BK</subfield>
      <subfield code="p">02-37393</subfield>
      <subfield code="i">02-37393</subfield>
      <subfield code="g">29</subfield>
      <subfield code="o">373.23 I892i</subfield>
      <subfield code="e">Donación Origlio, Fabrizio</subfield>
      <subfield code="8">CG</subfield>
    </datafield>
    <datafield tag="952" ind1=" " ind2=" ">
      <subfield code="a">BIB_RECT</subfield>
      <subfield code="b">BIB_UART</subfield>
      <subfield code="d">2008-12-14</subfield>
      <subfield code="y">BK</subfield>
      <subfield code="p">03-36864</subfield>
      <subfield code="i">03-36864</subfield>
      <subfield code="g">29</subfield>
      <subfield code="o">373.23 I892i</subfield>
      <subfield code="e">SIUNPA</subfield>
      <subfield code="8">CG</subfield>
    </datafield>
    <datafield tag="952" ind1=" " ind2=" ">
      <subfield code="a">BIB_RECT</subfield>
      <subfield code="b">BIB_UART</subfield>
      <subfield code="d">2008-12-14</subfield>
      <subfield code="y">BK</subfield>
      <subfield code="p">03-36865</subfield>
      <subfield code="i">03-36865</subfield>
      <subfield code="g">29</subfield>
      <subfield code="o">373.23 I892i</subfield>
      <subfield code="e">SIUNPA</subfield>
      <subfield code="8">CG</subfield>
    </datafield>
    <datafield tag="952" ind1=" " ind2=" ">
      <subfield code="a">BIB_RECT</subfield>
      <subfield code="b">BIB_UART</subfield>
      <subfield code="d">2008-12-14</subfield>
      <subfield code="y">BK</subfield>
      <subfield code="p">03-36866</subfield>
      <subfield code="i">03-36866</subfield>
      <subfield code="g">29</subfield>
      <subfield code="o">373.23 I892i</subfield>
      <subfield code="e">SIUNPA</subfield>
      <subfield code="8">CG</subfield>
    </datafield>
    <datafield tag="952" ind1=" " ind2=" ">
      <subfield code="a">BIB_RECT</subfield>
      <subfield code="b">BIB_UART</subfield>
      <subfield code="d">2008-12-14</subfield>
      <subfield code="y">BK</subfield>
      <subfield code="p">03-36867</subfield>
      <subfield code="i">03-36867</subfield>
      <subfield code="g">29</subfield>
      <subfield code="o">373.23 I892i</subfield>
      <subfield code="e">SIUNPA</subfield>
      <subfield code="8">CG</subfield>
    </datafield>
    <datafield tag="952" ind1=" " ind2=" ">
      <subfield code="a">BIB_RECT</subfield>
      <subfield code="b">BIB_UART</subfield>
      <subfield code="d">2008-12-14</subfield>
      <subfield code="y">BK</subfield>
      <subfield code="p">03-36868</subfield>
      <subfield code="i">03-36868</subfield>
      <subfield code="g">29</subfield>
      <subfield code="o">373.23 I892i</subfield>
      <subfield code="e">SIUNPA</subfield>
      <subfield code="8">CG</subfield>
    </datafield>
    <datafield tag="952" ind1=" " ind2=" ">
      <subfield code="a">BIB_RECT</subfield>
      <subfield code="b">BIB_UART</subfield>
      <subfield code="d">2008-12-14</subfield>
      <subfield code="y">BK</subfield>
      <subfield code="p">03-36869</subfield>
      <subfield code="i">03-36869</subfield>
      <subfield code="g">29</subfield>
      <subfield code="o">373.23 I892i</subfield>
      <subfield code="e">SIUNPA</subfield>
      <subfield code="8">CG</subfield>
    </datafield>
    <datafield tag="952" ind1=" " ind2=" ">
      <subfield code="a">BIB_RECT</subfield>
      <subfield code="b">BIB_UART</subfield>
      <subfield code="d">2008-12-14</subfield>
      <subfield code="y">BK</subfield>
      <subfield code="p">03-36870</subfield>
      <subfield code="i">03-36870</subfield>
      <subfield code="g">29</subfield>
      <subfield code="o">373.23 I892i</subfield>
      <subfield code="e">SIUNPA</subfield>
      <subfield code="8">CG</subfield>
    </datafield>
  </record>