
  <record>
    <leader>01000aam  22002601a 4500</leader>
    <controlfield tag="001">YPZ90469</controlfield>
    <controlfield tag="003">YPZ</controlfield>
    <controlfield tag="005">200812121626370</controlfield>
    <controlfield tag="008">081212|###########||||||b||||||||||spa|d</controlfield>
    <datafield tag="020" ind1=" " ind2=" ">
      <subfield code="a">9789871242290</subfield>
    </datafield>
    <datafield tag="040" ind1=" " ind2=" ">
      <subfield code="c">SIUNPA</subfield>
    </datafield>
    <datafield tag="041" ind1=" " ind2=" ">
      <subfield code="a">spa</subfield>
    </datafield>
    <datafield tag="044" ind1=" " ind2=" ">
      <subfield code="a">AR</subfield>
    </datafield>
    <datafield tag="080" ind1=" " ind2=" ">
      <subfield code="a">338.48 V113t</subfield>
    </datafield>
    <datafield tag="100" ind1=" " ind2=" ">
      <subfield code="a">Vacca, Carlos.</subfield>
    </datafield>
    <datafield tag="700" ind1=" " ind2=" ">
      <subfield code="a">Schinelli, Daniel.</subfield>
    </datafield>
    <datafield tag="700" ind1=" " ind2=" ">
      <subfield code="a">Miranda, Gonzalo E..</subfield>
    </datafield>
    <datafield tag="245" ind1=" " ind2=" ">
      <subfield code="a">Turismo en Santa Cruz</subfield>
      <subfield code="b"> : herramientas de gestión aplicadas al sector</subfield>
      <subfield code="c"> / Lurbé, Rubén M., pról.</subfield>
    </datafield>
    <datafield tag="250" ind1=" " ind2=" ">
      <subfield code="a">1a ed.</subfield>
    </datafield>
    <datafield tag="260" ind1=" " ind2=" ">
      <subfield code="a">Río Gallegos</subfield>
      <subfield code="b"> : Universidad Nacional de la Patagonia Austral, UNPA</subfield>
      <subfield code="c"> , 2008</subfield>
    </datafield>
    <datafield tag="650" ind1=" " ind2=" ">
      <subfield code="a"> TURISMO</subfield>
    </datafield>
    <datafield tag="650" ind1=" " ind2=" ">
      <subfield code="a"> PLANIFICACION TURISTICA</subfield>
    </datafield>
    <datafield tag="650" ind1=" " ind2=" ">
      <subfield code="a"> CONTROL DE GESTION</subfield>
    </datafield>
    <datafield tag="650" ind1=" " ind2=" ">
      <subfield code="a"> POLITICA TURISTICA</subfield>
    </datafield>
    <datafield tag="650" ind1=" " ind2=" ">
      <subfield code="a"> SANTA CRUZ (ARGENTINA)</subfield>
    </datafield>
    <datafield tag="942" ind1=" " ind2=" ">
      <subfield code="c">BK</subfield>
    </datafield>
    <datafield tag="952" ind1=" " ind2=" ">
      <subfield code="a">BIB_RECT</subfield>
      <subfield code="b">BIB_UACO</subfield>
      <subfield code="d">2008-12-10</subfield>
      <subfield code="y">BK</subfield>
      <subfield code="p">02-36893</subfield>
      <subfield code="i">02-36893</subfield>
      <subfield code="g">29</subfield>
      <subfield code="o">338.48 V113t</subfield>
      <subfield code="e">Secretaría de Extensión Universitaria</subfield>
      <subfield code="8">CG</subfield>
    </datafield>
    <datafield tag="952" ind1=" " ind2=" ">
      <subfield code="a">BIB_RECT</subfield>
      <subfield code="b">BIB_UACO</subfield>
      <subfield code="d">2008-12-10</subfield>
      <subfield code="y">BK</subfield>
      <subfield code="p">02-36894</subfield>
      <subfield code="i">02-36894</subfield>
      <subfield code="g">29</subfield>
      <subfield code="o">338.48 V113t</subfield>
      <subfield code="e">Secretaría de Extensión Universitaria</subfield>
      <subfield code="8">CG</subfield>
    </datafield>
    <datafield tag="952" ind1=" " ind2=" ">
      <subfield code="a">BIB_RECT</subfield>
      <subfield code="b">BIB_UART</subfield>
      <subfield code="d">2008-12-10</subfield>
      <subfield code="y">BK</subfield>
      <subfield code="p">03-36890</subfield>
      <subfield code="i">03-36890</subfield>
      <subfield code="g">29</subfield>
      <subfield code="o">338.48 V113t</subfield>
      <subfield code="e">Secretaría de Extensión Universitaria</subfield>
      <subfield code="8">CG</subfield>
    </datafield>
    <datafield tag="952" ind1=" " ind2=" ">
      <subfield code="a">BIB_RECT</subfield>
      <subfield code="b">BIB_UASJ</subfield>
      <subfield code="d">2008-12-10</subfield>
      <subfield code="y">BK</subfield>
      <subfield code="p">04-36898</subfield>
      <subfield code="i">04-36898</subfield>
      <subfield code="g">29</subfield>
      <subfield code="o">338.48 V113t</subfield>
      <subfield code="e">Secretaría de Extensión Universitaria</subfield>
      <subfield code="8">CG</subfield>
    </datafield>
    <datafield tag="952" ind1=" " ind2=" ">
      <subfield code="a">BIB_RECT</subfield>
      <subfield code="b">BIB_UARG</subfield>
      <subfield code="d">2008-12-11</subfield>
      <subfield code="y">BK</subfield>
      <subfield code="p">05-36908</subfield>
      <subfield code="i">05-36908</subfield>
      <subfield code="g">29</subfield>
      <subfield code="o">338.48 V113t</subfield>
      <subfield code="e">Secretaría de Extensión Universitaria</subfield>
      <subfield code="8">CG</subfield>
    </datafield>
    <datafield tag="952" ind1=" " ind2=" ">
      <subfield code="a">BIB_RECT</subfield>
      <subfield code="b">BIB_UARG</subfield>
      <subfield code="d">2008-12-11</subfield>
      <subfield code="y">BK</subfield>
      <subfield code="p">05-36909</subfield>
      <subfield code="i">05-36909</subfield>
      <subfield code="g">29</subfield>
      <subfield code="o">338.48 V113t</subfield>
      <subfield code="e">Secretaría de Extensión Universitaria</subfield>
      <subfield code="8">CG</subfield>
    </datafield>
    <datafield tag="952" ind1=" " ind2=" ">
      <subfield code="a">BIB_RECT</subfield>
      <subfield code="b">BIB_UARG</subfield>
      <subfield code="d">2009-04-20</subfield>
      <subfield code="y">BK</subfield>
      <subfield code="p">05-37571</subfield>
      <subfield code="i">05-37571</subfield>
      <subfield code="g">29</subfield>
      <subfield code="o">338.48 V113t</subfield>
      <subfield code="e">Donación Vacca, Carlos/08</subfield>
      <subfield code="8">CG</subfield>
    </datafield>
    <datafield tag="952" ind1=" " ind2=" ">
      <subfield code="a">BIB_RECT</subfield>
      <subfield code="b">BIB_UARG</subfield>
      <subfield code="d">2009-04-20</subfield>
      <subfield code="y">BK</subfield>
      <subfield code="p">05-37572</subfield>
      <subfield code="i">05-37572</subfield>
      <subfield code="g">29</subfield>
      <subfield code="o">338.48 V113t</subfield>
      <subfield code="e">Donación Vacca, Carlos/08</subfield>
      <subfield code="8">CG</subfield>
    </datafield>
    <datafield tag="952" ind1=" " ind2=" ">
      <subfield code="a">BIB_RECT</subfield>
      <subfield code="b">BIB_UARG</subfield>
      <subfield code="d">2009-04-20</subfield>
      <subfield code="y">BK</subfield>
      <subfield code="p">05-37573</subfield>
      <subfield code="i">05-37573</subfield>
      <subfield code="g">29</subfield>
      <subfield code="o">338.48 V113t</subfield>
      <subfield code="e">Donación Vacca, Carlos/08</subfield>
      <subfield code="8">CG</subfield>
    </datafield>
    <datafield tag="952" ind1=" " ind2=" ">
      <subfield code="a">BIB_RECT</subfield>
      <subfield code="b">SAT_TRUN</subfield>
      <subfield code="d">2008-12-15</subfield>
      <subfield code="y">BK</subfield>
      <subfield code="p">10-36948</subfield>
      <subfield code="i">10-36948</subfield>
      <subfield code="g">29</subfield>
      <subfield code="o">338.48 V113t</subfield>
      <subfield code="e">Secretaría de Extensión Universitaria</subfield>
      <subfield code="8">CG</subfield>
    </datafield>
    <datafield tag="952" ind1=" " ind2=" ">
      <subfield code="a">BIB_RECT</subfield>
      <subfield code="b">SAT_PBNA</subfield>
      <subfield code="d">2008-12-15</subfield>
      <subfield code="y">BK</subfield>
      <subfield code="p">11-36936</subfield>
      <subfield code="i">11-36936</subfield>
      <subfield code="g">29</subfield>
      <subfield code="o">338.48 V113t</subfield>
      <subfield code="e">Secretaría de Extensión Universitaria</subfield>
      <subfield code="8">CG</subfield>
    </datafield>
    <datafield tag="952" ind1=" " ind2=" ">
      <subfield code="a">BIB_RECT</subfield>
      <subfield code="b">SAT_CLFT</subfield>
      <subfield code="d">2008-12-15</subfield>
      <subfield code="y">BK</subfield>
      <subfield code="p">12-36956</subfield>
      <subfield code="i">12-36956</subfield>
      <subfield code="g">29</subfield>
      <subfield code="o">338.48 V113t</subfield>
      <subfield code="e">Secretaría de Extensión Universitaria</subfield>
      <subfield code="8">CG</subfield>
    </datafield>
    <datafield tag="952" ind1=" " ind2=" ">
      <subfield code="a">BIB_RECT</subfield>
      <subfield code="b">SAT_PMDN </subfield>
      <subfield code="d">2008-12-15</subfield>
      <subfield code="y">BK</subfield>
      <subfield code="p">15-36929</subfield>
      <subfield code="i">15-36929</subfield>
      <subfield code="g">29</subfield>
      <subfield code="o">338.48 V113t</subfield>
      <subfield code="e">Secretaría de Extensión Universitaria</subfield>
      <subfield code="8">CG</subfield>
    </datafield>
    <datafield tag="952" ind1=" " ind2=" ">
      <subfield code="a">BIB_RECT</subfield>
      <subfield code="b">SAT_PDES</subfield>
      <subfield code="d">2008-12-15</subfield>
      <subfield code="y">BK</subfield>
      <subfield code="p">16-36952</subfield>
      <subfield code="i">16-36952</subfield>
      <subfield code="g">29</subfield>
      <subfield code="o">338.48 V113t</subfield>
      <subfield code="e">Secretaría de Extensión Universitaria</subfield>
      <subfield code="8">CG</subfield>
    </datafield>
    <datafield tag="952" ind1=" " ind2=" ">
      <subfield code="a">BIB_RECT</subfield>
      <subfield code="b">SAT_RGRA</subfield>
      <subfield code="d">2008-12-15</subfield>
      <subfield code="y">BK</subfield>
      <subfield code="p">17-36941</subfield>
      <subfield code="i">17-36941</subfield>
      <subfield code="g">29</subfield>
      <subfield code="o">338.48 V113t</subfield>
      <subfield code="e">Secretaría de Extensión Universitaria</subfield>
      <subfield code="8">CG</subfield>
    </datafield>
    <datafield tag="952" ind1=" " ind2=" ">
      <subfield code="a">BIB_RECT</subfield>
      <subfield code="b">SAT_GREG</subfield>
      <subfield code="d">2008-12-15</subfield>
      <subfield code="y">BK</subfield>
      <subfield code="p">18-36934</subfield>
      <subfield code="i">18-36934</subfield>
      <subfield code="g">29</subfield>
      <subfield code="o">338.48 V113t</subfield>
      <subfield code="e">Secretaría de Extensión Universitaria</subfield>
      <subfield code="8">CG</subfield>
    </datafield>
    <datafield tag="952" ind1=" " ind2=" ">
      <subfield code="a">BIB_RECT</subfield>
      <subfield code="b">SAT_USHU</subfield>
      <subfield code="d">2008-12-15</subfield>
      <subfield code="y">BK</subfield>
      <subfield code="p">19-36945</subfield>
      <subfield code="i">19-36945</subfield>
      <subfield code="g">29</subfield>
      <subfield code="o">338.48 V113t</subfield>
      <subfield code="e">Secretaría de Extensión Universitaria</subfield>
      <subfield code="8">CG</subfield>
    </datafield>
  </record>