
  <record>
    <leader>01000aam  22002601a 4500</leader>
    <controlfield tag="001">YPZ90479</controlfield>
    <controlfield tag="003">YPZ</controlfield>
    <controlfield tag="005">200812151518310</controlfield>
    <controlfield tag="008">081215|###########||||||b||||||||||spa|d</controlfield>
    <datafield tag="020" ind1=" " ind2=" ">
      <subfield code="a">9789871242276</subfield>
    </datafield>
    <datafield tag="040" ind1=" " ind2=" ">
      <subfield code="c">SIUNPA</subfield>
    </datafield>
    <datafield tag="041" ind1=" " ind2=" ">
      <subfield code="a">spa</subfield>
    </datafield>
    <datafield tag="044" ind1=" " ind2=" ">
      <subfield code="a">AR</subfield>
    </datafield>
    <datafield tag="080" ind1=" " ind2=" ">
      <subfield code="a">614.2 P418p</subfield>
    </datafield>
    <datafield tag="100" ind1=" " ind2=" ">
      <subfield code="a">Enrici, Aldo.</subfield>
    </datafield>
    <datafield tag="700" ind1=" " ind2=" ">
      <subfield code="a">Firpo, Rosana.</subfield>
    </datafield>
    <datafield tag="700" ind1=" " ind2=" ">
      <subfield code="a">Ramírez, Susana.</subfield>
    </datafield>
    <datafield tag="700" ind1=" " ind2=" ">
      <subfield code="a">Álvarez, Pamela.</subfield>
    </datafield>
    <datafield tag="700" ind1=" " ind2=" ">
      <subfield code="a">Kulemeyer, Jorge.</subfield>
    </datafield>
    <datafield tag="245" ind1=" " ind2=" ">
      <subfield code="a">Pensar el cuidado</subfield>
      <subfield code="b"> : una narrativa del sujeto histórico en la dialéctica de la salud y la enfermedad</subfield>
      <subfield code="c"> / Enrici, Aldo, coodinador ; Firpo, Rosana, coodinador</subfield>
    </datafield>
    <datafield tag="260" ind1=" " ind2=" ">
      <subfield code="a">Río Gallegos</subfield>
      <subfield code="b"> : Universidad Nacional de la Patagonia Austral, UNPA</subfield>
      <subfield code="c"> , 2008</subfield>
    </datafield>
    <datafield tag="650" ind1=" " ind2=" ">
      <subfield code="a"> SALUD PUBLICA</subfield>
    </datafield>
    <datafield tag="650" ind1=" " ind2=" ">
      <subfield code="a"> HOSPITALES </subfield>
    </datafield>
    <datafield tag="650" ind1=" " ind2=" ">
      <subfield code="a"> SALUD FISICA</subfield>
    </datafield>
    <datafield tag="650" ind1=" " ind2=" ">
      <subfield code="a"> PACIENTES </subfield>
    </datafield>
    <datafield tag="650" ind1=" " ind2=" ">
      <subfield code="a"> CUIDADOS</subfield>
    </datafield>
    <datafield tag="650" ind1=" " ind2=" ">
      <subfield code="a"> ENFERMEDADES</subfield>
    </datafield>
    <datafield tag="942" ind1=" " ind2=" ">
      <subfield code="c">BK</subfield>
    </datafield>
    <datafield tag="952" ind1=" " ind2=" ">
      <subfield code="a">BIB_RECT</subfield>
      <subfield code="b">BIB_UACO</subfield>
      <subfield code="d">2008-12-14</subfield>
      <subfield code="y">BK</subfield>
      <subfield code="p">02-36897</subfield>
      <subfield code="i">02-36897</subfield>
      <subfield code="g">35</subfield>
      <subfield code="o">614.2 P418p</subfield>
      <subfield code="e">Secretaría de Extensión Universitaria</subfield>
      <subfield code="8">CG</subfield>
    </datafield>
    <datafield tag="952" ind1=" " ind2=" ">
      <subfield code="a">BIB_RECT</subfield>
      <subfield code="b">BIB_UART</subfield>
      <subfield code="d">2008-12-10</subfield>
      <subfield code="y">BK</subfield>
      <subfield code="p">03-36891</subfield>
      <subfield code="i">03-36891</subfield>
      <subfield code="g">35</subfield>
      <subfield code="o">614.2 P418p</subfield>
      <subfield code="e">Secretaría de Extensión Universitaria</subfield>
      <subfield code="8">CG</subfield>
    </datafield>
    <datafield tag="952" ind1=" " ind2=" ">
      <subfield code="a">BIB_RECT</subfield>
      <subfield code="b">BIB_UASJ</subfield>
      <subfield code="d">2008-12-10</subfield>
      <subfield code="y">BK</subfield>
      <subfield code="p">04-36899</subfield>
      <subfield code="i">04-36899</subfield>
      <subfield code="g">35</subfield>
      <subfield code="o">614.2 P418p</subfield>
      <subfield code="e">Secretaría de Extensión Universitaria</subfield>
      <subfield code="8">CG</subfield>
    </datafield>
    <datafield tag="952" ind1=" " ind2=" ">
      <subfield code="a">BIB_RECT</subfield>
      <subfield code="b">BIB_UASJ</subfield>
      <subfield code="d">2008-12-10</subfield>
      <subfield code="y">BK</subfield>
      <subfield code="p">04-36900</subfield>
      <subfield code="i">04-36900</subfield>
      <subfield code="g">35</subfield>
      <subfield code="o">614.2 P418p</subfield>
      <subfield code="e">Secretaría de Extensión Universitaria</subfield>
      <subfield code="8">CG</subfield>
    </datafield>
    <datafield tag="952" ind1=" " ind2=" ">
      <subfield code="a">BIB_RECT</subfield>
      <subfield code="b">BIB_UARG</subfield>
      <subfield code="d">2008-12-11</subfield>
      <subfield code="y">BK</subfield>
      <subfield code="p">05-36906</subfield>
      <subfield code="i">05-36906</subfield>
      <subfield code="g">35</subfield>
      <subfield code="o">614.2 P418p</subfield>
      <subfield code="e">Secretaría de Extensión Universitaria</subfield>
      <subfield code="8">CG</subfield>
    </datafield>
    <datafield tag="952" ind1=" " ind2=" ">
      <subfield code="a">BIB_RECT</subfield>
      <subfield code="b">BIB_UARG</subfield>
      <subfield code="d">2008-12-11</subfield>
      <subfield code="y">BK</subfield>
      <subfield code="p">05-36907</subfield>
      <subfield code="i">05-36907</subfield>
      <subfield code="g">35</subfield>
      <subfield code="o">614.2 P418p</subfield>
      <subfield code="e">Secretaría de Extensión Universitaria</subfield>
      <subfield code="8">CG</subfield>
    </datafield>
    <datafield tag="952" ind1=" " ind2=" ">
      <subfield code="a">BIB_RECT</subfield>
      <subfield code="b">BIB_UARG</subfield>
      <subfield code="d">2009-05-15</subfield>
      <subfield code="y">BK</subfield>
      <subfield code="p">05-37741</subfield>
      <subfield code="i">05-37741</subfield>
      <subfield code="g">35</subfield>
      <subfield code="o">614.2 P418p</subfield>
      <subfield code="e">Enrici, Aldo/08</subfield>
      <subfield code="8">CG</subfield>
    </datafield>
    <datafield tag="952" ind1=" " ind2=" ">
      <subfield code="a">BIB_RECT</subfield>
      <subfield code="b">BIB_UARG</subfield>
      <subfield code="d">2009-05-15</subfield>
      <subfield code="y">BK</subfield>
      <subfield code="p">05-37742</subfield>
      <subfield code="i">05-37742</subfield>
      <subfield code="g">35</subfield>
      <subfield code="o">614.2 P418p</subfield>
      <subfield code="e">Enrici, Aldo/08</subfield>
      <subfield code="8">CG</subfield>
    </datafield>
    <datafield tag="952" ind1=" " ind2=" ">
      <subfield code="a">BIB_RECT</subfield>
      <subfield code="b">SAT_TRUN</subfield>
      <subfield code="d">2008-12-15</subfield>
      <subfield code="y">BK</subfield>
      <subfield code="p">10-36950</subfield>
      <subfield code="i">10-36950</subfield>
      <subfield code="g">35</subfield>
      <subfield code="o">614.2 P418p</subfield>
      <subfield code="e">Secretaría de Extensión Universitaria</subfield>
      <subfield code="8">CG</subfield>
    </datafield>
    <datafield tag="952" ind1=" " ind2=" ">
      <subfield code="a">BIB_RECT</subfield>
      <subfield code="b">SAT_PBNA</subfield>
      <subfield code="d">2008-12-15</subfield>
      <subfield code="y">BK</subfield>
      <subfield code="p">11-36937</subfield>
      <subfield code="i">11-36937</subfield>
      <subfield code="g">35</subfield>
      <subfield code="o">614.2 P418p</subfield>
      <subfield code="e">Secretaría de Extensión Universitaria</subfield>
      <subfield code="8">CG</subfield>
    </datafield>
    <datafield tag="952" ind1=" " ind2=" ">
      <subfield code="a">BIB_RECT</subfield>
      <subfield code="b">SAT_CLFT</subfield>
      <subfield code="d">2008-12-15</subfield>
      <subfield code="y">BK</subfield>
      <subfield code="p">12-36958</subfield>
      <subfield code="i">12-36958</subfield>
      <subfield code="g">35</subfield>
      <subfield code="o">614.2 P418p</subfield>
      <subfield code="e">Secretaría de Extensión Universitaria</subfield>
      <subfield code="8">CG</subfield>
    </datafield>
    <datafield tag="952" ind1=" " ind2=" ">
      <subfield code="a">BIB_RECT</subfield>
      <subfield code="b">SAT_PMDN </subfield>
      <subfield code="d">2008-12-15</subfield>
      <subfield code="y">BK</subfield>
      <subfield code="p">15-36930</subfield>
      <subfield code="i">15-36930</subfield>
      <subfield code="g">35</subfield>
      <subfield code="o">614.2 P418p</subfield>
      <subfield code="e">Secretaría de Extensión Universitaria</subfield>
      <subfield code="8">CG</subfield>
    </datafield>
    <datafield tag="952" ind1=" " ind2=" ">
      <subfield code="a">BIB_RECT</subfield>
      <subfield code="b">SAT_PDES</subfield>
      <subfield code="d">2008-12-15</subfield>
      <subfield code="y">BK</subfield>
      <subfield code="p">16-36954</subfield>
      <subfield code="i">16-36954</subfield>
      <subfield code="g">35</subfield>
      <subfield code="o">614.2 P418p</subfield>
      <subfield code="e">Secretaría de Extensión Universitaria</subfield>
      <subfield code="8">CG</subfield>
    </datafield>
    <datafield tag="952" ind1=" " ind2=" ">
      <subfield code="a">BIB_RECT</subfield>
      <subfield code="b">SAT_RGRA</subfield>
      <subfield code="d">2008-12-15</subfield>
      <subfield code="y">BK</subfield>
      <subfield code="p">17-36940</subfield>
      <subfield code="i">17-36940</subfield>
      <subfield code="g">35</subfield>
      <subfield code="o">614.2 P418p</subfield>
      <subfield code="e">Secretaría de Extensión Universitaria</subfield>
      <subfield code="8">CG</subfield>
    </datafield>
    <datafield tag="952" ind1=" " ind2=" ">
      <subfield code="a">BIB_RECT</subfield>
      <subfield code="b">SAT_GREG</subfield>
      <subfield code="d">2008-12-15</subfield>
      <subfield code="y">BK</subfield>
      <subfield code="p">18-36932</subfield>
      <subfield code="i">18-36932</subfield>
      <subfield code="g">35</subfield>
      <subfield code="o">614.2 P418p</subfield>
      <subfield code="e">Secretaría de Extensión Universitaria</subfield>
      <subfield code="8">CG</subfield>
    </datafield>
    <datafield tag="952" ind1=" " ind2=" ">
      <subfield code="a">BIB_RECT</subfield>
      <subfield code="b">SAT_USHU</subfield>
      <subfield code="d">2008-12-15</subfield>
      <subfield code="y">BK</subfield>
      <subfield code="p">19-36944</subfield>
      <subfield code="i">19-36944</subfield>
      <subfield code="g">35</subfield>
      <subfield code="o">614.2 P418p</subfield>
      <subfield code="e">Secretaría de Extensión Universitaria</subfield>
      <subfield code="8">CG</subfield>
    </datafield>
  </record>