
  <record>
    <leader>01000aam  22002601a 4500</leader>
    <controlfield tag="001">YPZ90480</controlfield>
    <controlfield tag="003">YPZ</controlfield>
    <controlfield tag="005">200812151535110</controlfield>
    <controlfield tag="008">081215|###########||||||b||||||||||spa|d</controlfield>
    <datafield tag="020" ind1=" " ind2=" ">
      <subfield code="a">9789871242283</subfield>
    </datafield>
    <datafield tag="040" ind1=" " ind2=" ">
      <subfield code="c">SIUNPA</subfield>
    </datafield>
    <datafield tag="041" ind1=" " ind2=" ">
      <subfield code="a">spa</subfield>
    </datafield>
    <datafield tag="044" ind1=" " ind2=" ">
      <subfield code="a">AR</subfield>
    </datafield>
    <datafield tag="080" ind1=" " ind2=" ">
      <subfield code="a">37(091) D636d</subfield>
    </datafield>
    <datafield tag="100" ind1=" " ind2=" ">
      <subfield code="a">Baeza, Brígida N..</subfield>
    </datafield>
    <datafield tag="700" ind1=" " ind2=" ">
      <subfield code="a">Benavídez, Mariana B..</subfield>
    </datafield>
    <datafield tag="700" ind1=" " ind2=" ">
      <subfield code="a">Navas, Pablo D..</subfield>
    </datafield>
    <datafield tag="700" ind1=" " ind2=" ">
      <subfield code="a">Porras, Gabriel D..</subfield>
    </datafield>
    <datafield tag="700" ind1=" " ind2=" ">
      <subfield code="a">Infeld, Ana.</subfield>
    </datafield>
    <datafield tag="700" ind1=" " ind2=" ">
      <subfield code="a">Michniuk, Natalia.</subfield>
    </datafield>
    <datafield tag="700" ind1=" " ind2=" ">
      <subfield code="a">Nicoletti, María Andrea.</subfield>
    </datafield>
    <datafield tag="700" ind1=" " ind2=" ">
      <subfield code="a">Oriola, Jorge O..</subfield>
    </datafield>
    <datafield tag="700" ind1=" " ind2=" ">
      <subfield code="a">Pierini, María de los Milagros.</subfield>
    </datafield>
    <datafield tag="700" ind1=" " ind2=" ">
      <subfield code="a">Rozas, Dina Noemí.</subfield>
    </datafield>
    <datafield tag="700" ind1=" " ind2=" ">
      <subfield code="a">Sarasa, Ariel Nicolás.</subfield>
    </datafield>
    <datafield tag="245" ind1=" " ind2=" ">
      <subfield code="a">Docentes y alumnos</subfield>
      <subfield code="b"> : protagonistas, organización y conflictos en las experiencias educativas patagónicas</subfield>
      <subfield code="c"> / Ossama, Edgardo O., dir. ; Pierini, María de los Milagros, coordinadora</subfield>
    </datafield>
    <datafield tag="260" ind1=" " ind2=" ">
      <subfield code="a">Río Gallegos</subfield>
      <subfield code="b"> : Universidad Nacional de la Patagonia Austral, UNPA</subfield>
      <subfield code="c"> , 2008</subfield>
    </datafield>
    <datafield tag="440" ind1=" " ind2=" ">
      <subfield code="a">Autores, textos y temas. Teoría e historia de las artes</subfield>
      <subfield code="a">Historia de la educación en la Patagonia austral</subfield>
      <subfield code="v">t. 2</subfield>
    </datafield>
    <datafield tag="490" ind1=" " ind2=" ">
      <subfield code="a">Autores, textos y temas. Teoría e historia de las artes</subfield>
      <subfield code="a">Historia de la educación en la Patagonia austral</subfield>
      <subfield code="v">t. 2</subfield>
    </datafield>
    <datafield tag="650" ind1=" " ind2=" ">
      <subfield code="a"> HISTORIA DE LA EDUCACION</subfield>
    </datafield>
    <datafield tag="650" ind1=" " ind2=" ">
      <subfield code="a"> SANTA CRUZ (ARGENTINA)</subfield>
    </datafield>
    <datafield tag="650" ind1=" " ind2=" ">
      <subfield code="a"> REGION PATAGONICA</subfield>
    </datafield>
    <datafield tag="942" ind1=" " ind2=" ">
      <subfield code="c">BK</subfield>
    </datafield>
    <datafield tag="952" ind1=" " ind2=" ">
      <subfield code="a">BIB_RECT</subfield>
      <subfield code="b">BIB_UACO</subfield>
      <subfield code="d">2008-12-14</subfield>
      <subfield code="y">BK</subfield>
      <subfield code="p">02-36896</subfield>
      <subfield code="i">02-36896</subfield>
      <subfield code="g">36</subfield>
      <subfield code="o">37(091) D636d</subfield>
      <subfield code="e">Secretaría de Extensión Universitaria</subfield>
      <subfield code="8">CG</subfield>
    </datafield>
    <datafield tag="952" ind1=" " ind2=" ">
      <subfield code="a">BIB_RECT</subfield>
      <subfield code="b">BIB_UART</subfield>
      <subfield code="d">2008-12-10</subfield>
      <subfield code="y">BK</subfield>
      <subfield code="p">03-36889</subfield>
      <subfield code="i">03-36889</subfield>
      <subfield code="g">36</subfield>
      <subfield code="o">37(091) D636d</subfield>
      <subfield code="e">Secretaría de Extensión Universitaria</subfield>
      <subfield code="8">CG</subfield>
    </datafield>
    <datafield tag="952" ind1=" " ind2=" ">
      <subfield code="a">BIB_RECT</subfield>
      <subfield code="b">BIB_UASJ</subfield>
      <subfield code="d">2008-12-10</subfield>
      <subfield code="y">BK</subfield>
      <subfield code="p">04-36901</subfield>
      <subfield code="i">04-36901</subfield>
      <subfield code="g">36</subfield>
      <subfield code="o">37(091) D636d</subfield>
      <subfield code="e">Secretaría de Extensión Universitaria</subfield>
      <subfield code="8">CG</subfield>
    </datafield>
    <datafield tag="952" ind1=" " ind2=" ">
      <subfield code="a">BIB_RECT</subfield>
      <subfield code="b">BIB_UASJ</subfield>
      <subfield code="d">2008-12-10</subfield>
      <subfield code="y">BK</subfield>
      <subfield code="p">04-36902</subfield>
      <subfield code="i">04-36902</subfield>
      <subfield code="g">36</subfield>
      <subfield code="o">37(091) D636d</subfield>
      <subfield code="e">Secretaría de Extensión Universitaria</subfield>
      <subfield code="8">CG</subfield>
    </datafield>
    <datafield tag="952" ind1=" " ind2=" ">
      <subfield code="a">BIB_RECT</subfield>
      <subfield code="b">BIB_UARG</subfield>
      <subfield code="d">2008-12-11</subfield>
      <subfield code="y">BK</subfield>
      <subfield code="p">05-36904</subfield>
      <subfield code="i">05-36904</subfield>
      <subfield code="g">36</subfield>
      <subfield code="o">37(091) D636d</subfield>
      <subfield code="e">Secretaría de Extensión Universitaria</subfield>
      <subfield code="8">CG</subfield>
    </datafield>
    <datafield tag="952" ind1=" " ind2=" ">
      <subfield code="a">BIB_RECT</subfield>
      <subfield code="b">BIB_UARG</subfield>
      <subfield code="d">2008-12-11</subfield>
      <subfield code="y">BK</subfield>
      <subfield code="p">05-36905</subfield>
      <subfield code="i">05-36905</subfield>
      <subfield code="g">36</subfield>
      <subfield code="o">37(091) D636d</subfield>
      <subfield code="e">Secretaría de Extensión Universitaria</subfield>
      <subfield code="8">CG</subfield>
    </datafield>
    <datafield tag="952" ind1=" " ind2=" ">
      <subfield code="a">BIB_RECT</subfield>
      <subfield code="b">SAT_TRUN</subfield>
      <subfield code="d">2008-12-15</subfield>
      <subfield code="y">BK</subfield>
      <subfield code="p">10-36949</subfield>
      <subfield code="i">10-36949</subfield>
      <subfield code="g">36</subfield>
      <subfield code="o">37(091) D636d</subfield>
      <subfield code="e">Secretaría de Extensión Universitaria</subfield>
      <subfield code="8">CG</subfield>
    </datafield>
    <datafield tag="952" ind1=" " ind2=" ">
      <subfield code="a">BIB_RECT</subfield>
      <subfield code="b">SAT_PBNA</subfield>
      <subfield code="d">2008-12-15</subfield>
      <subfield code="y">BK</subfield>
      <subfield code="p">11-36939</subfield>
      <subfield code="i">11-36939</subfield>
      <subfield code="g">36</subfield>
      <subfield code="o">37(091) D636d</subfield>
      <subfield code="e">Secretaría de Extensión Universitaria</subfield>
      <subfield code="8">CG</subfield>
    </datafield>
    <datafield tag="952" ind1=" " ind2=" ">
      <subfield code="a">BIB_RECT</subfield>
      <subfield code="b">SAT_CLFT</subfield>
      <subfield code="d">2008-12-15</subfield>
      <subfield code="y">BK</subfield>
      <subfield code="p">12-36957</subfield>
      <subfield code="i">12-36957</subfield>
      <subfield code="g">36</subfield>
      <subfield code="o">37(091) D636d</subfield>
      <subfield code="e">Secretaría de Extensión Universitaria</subfield>
      <subfield code="8">CG</subfield>
    </datafield>
    <datafield tag="952" ind1=" " ind2=" ">
      <subfield code="a">BIB_RECT</subfield>
      <subfield code="b">SAT_PMDN </subfield>
      <subfield code="d">2008-12-15</subfield>
      <subfield code="y">BK</subfield>
      <subfield code="p">15-36928</subfield>
      <subfield code="i">15-36928</subfield>
      <subfield code="g">36</subfield>
      <subfield code="o">37(091) D636d</subfield>
      <subfield code="e">Secretaría de Extensión Universitaria</subfield>
      <subfield code="8">CG</subfield>
    </datafield>
    <datafield tag="952" ind1=" " ind2=" ">
      <subfield code="a">BIB_RECT</subfield>
      <subfield code="b">SAT_PDES</subfield>
      <subfield code="d">2008-12-15</subfield>
      <subfield code="y">BK</subfield>
      <subfield code="p">16-36953</subfield>
      <subfield code="i">16-36953</subfield>
      <subfield code="g">36</subfield>
      <subfield code="o">37(091) D636d</subfield>
      <subfield code="e">Secretaría de Extensión Universitaria</subfield>
      <subfield code="8">CG</subfield>
    </datafield>
    <datafield tag="952" ind1=" " ind2=" ">
      <subfield code="a">BIB_RECT</subfield>
      <subfield code="b">SAT_RGRA</subfield>
      <subfield code="d">2008-12-15</subfield>
      <subfield code="y">BK</subfield>
      <subfield code="p">17-36942</subfield>
      <subfield code="i">17-36942</subfield>
      <subfield code="g">36</subfield>
      <subfield code="o">37(091) D636d</subfield>
      <subfield code="e">Secretaría de Extensión Universitaria</subfield>
      <subfield code="8">CG</subfield>
    </datafield>
    <datafield tag="952" ind1=" " ind2=" ">
      <subfield code="a">BIB_RECT</subfield>
      <subfield code="b">SAT_GREG</subfield>
      <subfield code="d">2008-12-15</subfield>
      <subfield code="y">BK</subfield>
      <subfield code="p">18-36935</subfield>
      <subfield code="i">18-36935</subfield>
      <subfield code="g">36</subfield>
      <subfield code="o">37(091) D636d</subfield>
      <subfield code="e">Secretaría de Extensión Universitaria</subfield>
      <subfield code="8">CG</subfield>
    </datafield>
    <datafield tag="952" ind1=" " ind2=" ">
      <subfield code="a">BIB_RECT</subfield>
      <subfield code="b">SAT_USHU</subfield>
      <subfield code="d">2008-12-15</subfield>
      <subfield code="y">BK</subfield>
      <subfield code="p">19-36946</subfield>
      <subfield code="i">19-36946</subfield>
      <subfield code="g">36</subfield>
      <subfield code="o">37(091) D636d</subfield>
      <subfield code="e">Secretaría de Extensión Universitaria</subfield>
      <subfield code="8">CG</subfield>
    </datafield>
  </record>