
  <record>
    <leader>01000aam  22002601a 4500</leader>
    <controlfield tag="001">YPZ90481</controlfield>
    <controlfield tag="003">YPZ</controlfield>
    <controlfield tag="005">200812151719170</controlfield>
    <controlfield tag="008">081215|###########||||||b||||||||||spa|d</controlfield>
    <datafield tag="020" ind1=" " ind2=" ">
      <subfield code="a">9789871242269</subfield>
    </datafield>
    <datafield tag="040" ind1=" " ind2=" ">
      <subfield code="c">SIUNPA</subfield>
    </datafield>
    <datafield tag="041" ind1=" " ind2=" ">
      <subfield code="a">spa</subfield>
    </datafield>
    <datafield tag="044" ind1=" " ind2=" ">
      <subfield code="a">AR</subfield>
    </datafield>
    <datafield tag="080" ind1=" " ind2=" ">
      <subfield code="a">81'27 M971e</subfield>
    </datafield>
    <datafield tag="100" ind1=" " ind2=" ">
      <subfield code="a">Muñoz, Nora Isabel.</subfield>
    </datafield>
    <datafield tag="700" ind1=" " ind2=" ">
      <subfield code="a">Musci, Mónica Beatriz.</subfield>
    </datafield>
    <datafield tag="245" ind1=" " ind2=" ">
      <subfield code="a">Estudios lingüísticos en la Patagonia sur</subfield>
      <subfield code="b"> : el habla en Río Gallegos</subfield>
    </datafield>
    <datafield tag="260" ind1=" " ind2=" ">
      <subfield code="a">Río Gallegos</subfield>
      <subfield code="b"> : Universidad Nacional de la Patagonia Austral, UNPA</subfield>
      <subfield code="c"> , 2007</subfield>
    </datafield>
    <datafield tag="650" ind1=" " ind2=" ">
      <subfield code="a"> DIALECTO</subfield>
    </datafield>
    <datafield tag="650" ind1=" " ind2=" ">
      <subfield code="a"> LENGUAJE HABLADO</subfield>
    </datafield>
    <datafield tag="650" ind1=" " ind2=" ">
      <subfield code="a"> USO LINGÜISTICO</subfield>
    </datafield>
    <datafield tag="650" ind1=" " ind2=" ">
      <subfield code="a"> SOCIOLINGÜISTICA</subfield>
    </datafield>
    <datafield tag="650" ind1=" " ind2=" ">
      <subfield code="a"> RIO GALLEGOS (SANTA CRUZ)</subfield>
    </datafield>
    <datafield tag="942" ind1=" " ind2=" ">
      <subfield code="c">BK</subfield>
    </datafield>
    <datafield tag="952" ind1=" " ind2=" ">
      <subfield code="a">BIB_RECT</subfield>
      <subfield code="b">BIB_UACO</subfield>
      <subfield code="d">2008-12-10</subfield>
      <subfield code="y">BK</subfield>
      <subfield code="p">02-36895</subfield>
      <subfield code="i">02-36895</subfield>
      <subfield code="g">32</subfield>
      <subfield code="o">81'27 M971e</subfield>
      <subfield code="e">Secretaría de Extensión Universitaria</subfield>
      <subfield code="8">CG</subfield>
    </datafield>
    <datafield tag="952" ind1=" " ind2=" ">
      <subfield code="a">BIB_RECT</subfield>
      <subfield code="b">BIB_UART</subfield>
      <subfield code="d">2008-12-10</subfield>
      <subfield code="y">BK</subfield>
      <subfield code="p">03-36892</subfield>
      <subfield code="i">03-36892</subfield>
      <subfield code="g">32</subfield>
      <subfield code="o">81'27 M971e</subfield>
      <subfield code="e">Secretaría de Extensión Universitaria</subfield>
      <subfield code="8">CG</subfield>
    </datafield>
    <datafield tag="952" ind1=" " ind2=" ">
      <subfield code="a">BIB_RECT</subfield>
      <subfield code="b">BIB_UASJ</subfield>
      <subfield code="d">2008-12-10</subfield>
      <subfield code="y">BK</subfield>
      <subfield code="p">04-36903</subfield>
      <subfield code="i">04-36903</subfield>
      <subfield code="g">32</subfield>
      <subfield code="o">81'27 M971e</subfield>
      <subfield code="e">Secretaría de Extensión Universitaria</subfield>
      <subfield code="8">CG</subfield>
    </datafield>
    <datafield tag="952" ind1=" " ind2=" ">
      <subfield code="a">BIB_RECT</subfield>
      <subfield code="b">BIB_UARG</subfield>
      <subfield code="d">2008-12-11</subfield>
      <subfield code="y">BK</subfield>
      <subfield code="p">05-36910</subfield>
      <subfield code="i">05-36910</subfield>
      <subfield code="g">32</subfield>
      <subfield code="o">81'27 M971e</subfield>
      <subfield code="e">Secretaría de Extensión Universitaria</subfield>
      <subfield code="8">CG</subfield>
    </datafield>
    <datafield tag="952" ind1=" " ind2=" ">
      <subfield code="a">BIB_RECT</subfield>
      <subfield code="b">BIB_UARG</subfield>
      <subfield code="d">2008-12-11</subfield>
      <subfield code="y">BK</subfield>
      <subfield code="p">05-36911</subfield>
      <subfield code="i">05-36911</subfield>
      <subfield code="g">32</subfield>
      <subfield code="o">81'27 M971e</subfield>
      <subfield code="e">Secretaría de Extensión Universitaria</subfield>
      <subfield code="8">CG</subfield>
    </datafield>
    <datafield tag="952" ind1=" " ind2=" ">
      <subfield code="a">BIB_RECT</subfield>
      <subfield code="b">BIB_UARG</subfield>
      <subfield code="d">2008-12-11</subfield>
      <subfield code="y">BK</subfield>
      <subfield code="p">05-36912</subfield>
      <subfield code="i">05-36912</subfield>
      <subfield code="g">32</subfield>
      <subfield code="o">81'27 M971e</subfield>
      <subfield code="e">Secretaría de Extensión Universitaria</subfield>
      <subfield code="8">CG</subfield>
    </datafield>
    <datafield tag="952" ind1=" " ind2=" ">
      <subfield code="a">BIB_RECT</subfield>
      <subfield code="b">BIB_UARG</subfield>
      <subfield code="d">2009-04-20</subfield>
      <subfield code="y">BK</subfield>
      <subfield code="p">05-37561</subfield>
      <subfield code="i">05-37561</subfield>
      <subfield code="g">32</subfield>
      <subfield code="o">81'27 M971e</subfield>
      <subfield code="e">Donación</subfield>
      <subfield code="8">CG</subfield>
    </datafield>
    <datafield tag="952" ind1=" " ind2=" ">
      <subfield code="a">BIB_RECT</subfield>
      <subfield code="b">BIB_UARG</subfield>
      <subfield code="d">2009-04-20</subfield>
      <subfield code="y">BK</subfield>
      <subfield code="p">05-37562</subfield>
      <subfield code="i">05-37562</subfield>
      <subfield code="g">32</subfield>
      <subfield code="o">81'27 M971e</subfield>
      <subfield code="e">Donación</subfield>
      <subfield code="8">CG</subfield>
    </datafield>
    <datafield tag="952" ind1=" " ind2=" ">
      <subfield code="a">BIB_RECT</subfield>
      <subfield code="b">BIB_UARG</subfield>
      <subfield code="d">2009-04-20</subfield>
      <subfield code="y">BK</subfield>
      <subfield code="p">05-37563</subfield>
      <subfield code="i">05-37563</subfield>
      <subfield code="g">32</subfield>
      <subfield code="o">81'27 M971e</subfield>
      <subfield code="e">Donación</subfield>
      <subfield code="8">CG</subfield>
    </datafield>
    <datafield tag="952" ind1=" " ind2=" ">
      <subfield code="a">BIB_RECT</subfield>
      <subfield code="b">BIB_UARG</subfield>
      <subfield code="d">2009-04-20</subfield>
      <subfield code="y">BK</subfield>
      <subfield code="p">05-37564</subfield>
      <subfield code="i">05-37564</subfield>
      <subfield code="g">32</subfield>
      <subfield code="o">81'27 M971e</subfield>
      <subfield code="e">Donación</subfield>
      <subfield code="8">CG</subfield>
    </datafield>
    <datafield tag="952" ind1=" " ind2=" ">
      <subfield code="a">BIB_RECT</subfield>
      <subfield code="b">BIB_UARG</subfield>
      <subfield code="d">2012-05-30</subfield>
      <subfield code="y">BK</subfield>
      <subfield code="p">05-42542</subfield>
      <subfield code="i">05-42542</subfield>
      <subfield code="g">45</subfield>
      <subfield code="o">81'27 M971e</subfield>
      <subfield code="e">Donación</subfield>
      <subfield code="8">CG</subfield>
    </datafield>
    <datafield tag="952" ind1=" " ind2=" ">
      <subfield code="a">BIB_RECT</subfield>
      <subfield code="b">BIB_UARG</subfield>
      <subfield code="d">2012-05-30</subfield>
      <subfield code="y">BK</subfield>
      <subfield code="p">05-42543</subfield>
      <subfield code="i">05-42543</subfield>
      <subfield code="g">45</subfield>
      <subfield code="o">81'27 M971e</subfield>
      <subfield code="e">Donación</subfield>
      <subfield code="8">CG</subfield>
    </datafield>
    <datafield tag="952" ind1=" " ind2=" ">
      <subfield code="a">BIB_RECT</subfield>
      <subfield code="b">BIB_UARG</subfield>
      <subfield code="d">2012-05-30</subfield>
      <subfield code="y">BK</subfield>
      <subfield code="p">05-42544</subfield>
      <subfield code="i">05-42544</subfield>
      <subfield code="g">45</subfield>
      <subfield code="o">81'27 M971e</subfield>
      <subfield code="e">Donación</subfield>
      <subfield code="8">CG</subfield>
    </datafield>
    <datafield tag="952" ind1=" " ind2=" ">
      <subfield code="a">BIB_RECT</subfield>
      <subfield code="b">BIB_UARG</subfield>
      <subfield code="d">2012-05-30</subfield>
      <subfield code="y">BK</subfield>
      <subfield code="p">05-42545</subfield>
      <subfield code="i">05-42545</subfield>
      <subfield code="g">45</subfield>
      <subfield code="o">81'27 M971e</subfield>
      <subfield code="e">Donación</subfield>
      <subfield code="8">CG</subfield>
    </datafield>
    <datafield tag="952" ind1=" " ind2=" ">
      <subfield code="a">BIB_RECT</subfield>
      <subfield code="b">BIB_UARG</subfield>
      <subfield code="d">2012-05-30</subfield>
      <subfield code="y">BK</subfield>
      <subfield code="p">05-42546</subfield>
      <subfield code="i">05-42546</subfield>
      <subfield code="g">45</subfield>
      <subfield code="o">81'27 M971e</subfield>
      <subfield code="e">Donación</subfield>
      <subfield code="8">CG</subfield>
    </datafield>
    <datafield tag="952" ind1=" " ind2=" ">
      <subfield code="a">BIB_RECT</subfield>
      <subfield code="b">BIB_UARG</subfield>
      <subfield code="d">2012-05-30</subfield>
      <subfield code="y">BK</subfield>
      <subfield code="p">05-42547</subfield>
      <subfield code="i">05-42547</subfield>
      <subfield code="g">45</subfield>
      <subfield code="o">81'27 M971e</subfield>
      <subfield code="e">Donación</subfield>
      <subfield code="8">CG</subfield>
    </datafield>
    <datafield tag="952" ind1=" " ind2=" ">
      <subfield code="a">BIB_RECT</subfield>
      <subfield code="b">BIB_UARG</subfield>
      <subfield code="d">2014-09-25</subfield>
      <subfield code="y">BK</subfield>
      <subfield code="p">05-46619</subfield>
      <subfield code="i">05-46619</subfield>
      <subfield code="g">40</subfield>
      <subfield code="o">81'27 M971e</subfield>
      <subfield code="e">Don. Flia. Celada</subfield>
      <subfield code="8">CG</subfield>
    </datafield>
    <datafield tag="952" ind1=" " ind2=" ">
      <subfield code="a">BIB_RECT</subfield>
      <subfield code="b">SAT_TRUN</subfield>
      <subfield code="d">2008-12-15</subfield>
      <subfield code="y">BK</subfield>
      <subfield code="p">10-36951</subfield>
      <subfield code="i">10-36951</subfield>
      <subfield code="g">32</subfield>
      <subfield code="o">81'27 M971e</subfield>
      <subfield code="e">Secretaría de Extensión Universitaria</subfield>
      <subfield code="8">CG</subfield>
    </datafield>
    <datafield tag="952" ind1=" " ind2=" ">
      <subfield code="a">BIB_RECT</subfield>
      <subfield code="b">SAT_PBNA</subfield>
      <subfield code="d">2008-12-15</subfield>
      <subfield code="y">BK</subfield>
      <subfield code="p">11-36938</subfield>
      <subfield code="i">11-36938</subfield>
      <subfield code="g">32</subfield>
      <subfield code="o">81'27 M971e</subfield>
      <subfield code="e">Secretaría de Extensión Universitaria</subfield>
      <subfield code="8">CG</subfield>
    </datafield>
    <datafield tag="952" ind1=" " ind2=" ">
      <subfield code="a">BIB_RECT</subfield>
      <subfield code="b">SAT_CLFT</subfield>
      <subfield code="d">2008-12-15</subfield>
      <subfield code="y">BK</subfield>
      <subfield code="p">12-36959</subfield>
      <subfield code="i">12-36959</subfield>
      <subfield code="g">32</subfield>
      <subfield code="o">81'27 M971e</subfield>
      <subfield code="e">Secretaría de Extensión Universitaria</subfield>
      <subfield code="8">CG</subfield>
    </datafield>
    <datafield tag="952" ind1=" " ind2=" ">
      <subfield code="a">BIB_RECT</subfield>
      <subfield code="b">SAT_PMDN </subfield>
      <subfield code="d">2008-12-15</subfield>
      <subfield code="y">BK</subfield>
      <subfield code="p">15-36931</subfield>
      <subfield code="i">15-36931</subfield>
      <subfield code="g">32</subfield>
      <subfield code="o">81'27 M971e</subfield>
      <subfield code="e">Secretaría de Extensión Universitaria</subfield>
      <subfield code="8">CG</subfield>
    </datafield>
    <datafield tag="952" ind1=" " ind2=" ">
      <subfield code="a">BIB_RECT</subfield>
      <subfield code="b">SAT_PDES</subfield>
      <subfield code="d">2008-12-15</subfield>
      <subfield code="y">BK</subfield>
      <subfield code="p">16-36955</subfield>
      <subfield code="i">16-36955</subfield>
      <subfield code="g">32</subfield>
      <subfield code="o">81'27 M971e</subfield>
      <subfield code="e">Secretaría de Extensión Universitaria</subfield>
      <subfield code="8">CG</subfield>
    </datafield>
    <datafield tag="952" ind1=" " ind2=" ">
      <subfield code="a">BIB_RECT</subfield>
      <subfield code="b">SAT_RGRA</subfield>
      <subfield code="d">2008-12-15</subfield>
      <subfield code="y">BK</subfield>
      <subfield code="p">17-36943</subfield>
      <subfield code="i">17-36943</subfield>
      <subfield code="g">32</subfield>
      <subfield code="o">81'27 M971e</subfield>
      <subfield code="e">Secretaría de Extensión Universitaria</subfield>
      <subfield code="8">CG</subfield>
    </datafield>
    <datafield tag="952" ind1=" " ind2=" ">
      <subfield code="a">BIB_RECT</subfield>
      <subfield code="b">SAT_GREG</subfield>
      <subfield code="d">2008-12-15</subfield>
      <subfield code="y">BK</subfield>
      <subfield code="p">18-36933</subfield>
      <subfield code="i">18-36933</subfield>
      <subfield code="g">32</subfield>
      <subfield code="o">81'27 M971e</subfield>
      <subfield code="e">Secretaría de Extensión Universitaria</subfield>
      <subfield code="8">CG</subfield>
    </datafield>
    <datafield tag="952" ind1=" " ind2=" ">
      <subfield code="a">BIB_RECT</subfield>
      <subfield code="b">SAT_USHU</subfield>
      <subfield code="d">2008-12-15</subfield>
      <subfield code="y">BK</subfield>
      <subfield code="p">19-36947</subfield>
      <subfield code="i">19-36947</subfield>
      <subfield code="g">32</subfield>
      <subfield code="o">81'27 M971e</subfield>
      <subfield code="e">Secretaría de Extensión Universitaria</subfield>
      <subfield code="8">CG</subfield>
    </datafield>
  </record>