
  <record>
    <leader>01000aam  22002601a 4500</leader>
    <controlfield tag="001">YPZ90541</controlfield>
    <controlfield tag="003">YPZ</controlfield>
    <controlfield tag="005">200902121235150</controlfield>
    <controlfield tag="008">090212|###########||||||b||||||||||spa|d</controlfield>
    <datafield tag="020" ind1=" " ind2=" ">
      <subfield code="a">9788448146610</subfield>
    </datafield>
    <datafield tag="040" ind1=" " ind2=" ">
      <subfield code="c">SIUNPA</subfield>
    </datafield>
    <datafield tag="041" ind1=" " ind2=" ">
      <subfield code="a">spa</subfield>
    </datafield>
    <datafield tag="044" ind1=" " ind2=" ">
      <subfield code="a">ES</subfield>
    </datafield>
    <datafield tag="080" ind1=" " ind2=" ">
      <subfield code="a">616.89 S558e6</subfield>
    </datafield>
    <datafield tag="100" ind1=" " ind2=" ">
      <subfield code="a">Shives, Louise Rebraca.</subfield>
    </datafield>
    <datafield tag="245" ind1=" " ind2=" ">
      <subfield code="a">Enfermería psiquiátrica y de salud mental</subfield>
      <subfield code="b"> : conceptos básicos. Sexta edición</subfield>
      <subfield code="c"> / Álvarez Baleriola, Isabel, tr. ; Núñez Fernández, Oliva, tr. ; Sirvent Angulo, Montserrat, rev. científica</subfield>
    </datafield>
    <datafield tag="250" ind1=" " ind2=" ">
      <subfield code="a">6a ed.</subfield>
    </datafield>
    <datafield tag="260" ind1=" " ind2=" ">
      <subfield code="a">Madrid</subfield>
      <subfield code="b"> : McGraw-Hill</subfield>
      <subfield code="c"> , 2007</subfield>
    </datafield>
    <datafield tag="650" ind1=" " ind2=" ">
      <subfield code="a"> ENFERMERIA</subfield>
    </datafield>
    <datafield tag="650" ind1=" " ind2=" ">
      <subfield code="a"> SALUD MENTAL</subfield>
    </datafield>
    <datafield tag="650" ind1=" " ind2=" ">
      <subfield code="a"> PSIQUIATRIA</subfield>
    </datafield>
    <datafield tag="650" ind1=" " ind2=" ">
      <subfield code="a"> PSICOPATOLOGIA</subfield>
    </datafield>
    <datafield tag="650" ind1=" " ind2=" ">
      <subfield code="a"> PSICOTERAPIA </subfield>
    </datafield>
    <datafield tag="650" ind1=" " ind2=" ">
      <subfield code="a"> PRACTICAS DE ENFERMERIA</subfield>
    </datafield>
    <datafield tag="942" ind1=" " ind2=" ">
      <subfield code="c">BK</subfield>
    </datafield>
    <datafield tag="952" ind1=" " ind2=" ">
      <subfield code="a">BIB_RECT</subfield>
      <subfield code="b">BIB_UASJ</subfield>
      <subfield code="d">2009-02-11</subfield>
      <subfield code="y">BK</subfield>
      <subfield code="p">04-36987</subfield>
      <subfield code="i">04-36987</subfield>
      <subfield code="g">234.9</subfield>
      <subfield code="o">616.89 S558e6</subfield>
      <subfield code="e">Compra SIUNPA</subfield>
      <subfield code="8">CG</subfield>
    </datafield>
    <datafield tag="952" ind1=" " ind2=" ">
      <subfield code="a">BIB_RECT</subfield>
      <subfield code="b">BIB_UASJ</subfield>
      <subfield code="d">2010-09-02</subfield>
      <subfield code="y">BK</subfield>
      <subfield code="p">04-39770</subfield>
      <subfield code="i">04-39770</subfield>
      <subfield code="g">477.4</subfield>
      <subfield code="o">616.89 S558e6</subfield>
      <subfield code="e">Compra SIUNPA OC 066/10</subfield>
      <subfield code="8">CG</subfield>
    </datafield>
    <datafield tag="952" ind1=" " ind2=" ">
      <subfield code="a">BIB_RECT</subfield>
      <subfield code="b">BIB_UASJ</subfield>
      <subfield code="d">2010-09-02</subfield>
      <subfield code="y">BK</subfield>
      <subfield code="p">04-39771</subfield>
      <subfield code="i">04-39771</subfield>
      <subfield code="g">477.4</subfield>
      <subfield code="o">616.89 S558e6</subfield>
      <subfield code="e">Compra SIUNPA OC 066/10</subfield>
      <subfield code="8">CG</subfield>
    </datafield>
    <datafield tag="952" ind1=" " ind2=" ">
      <subfield code="a">BIB_RECT</subfield>
      <subfield code="b">BIB_UASJ</subfield>
      <subfield code="d">2010-09-02</subfield>
      <subfield code="y">BK</subfield>
      <subfield code="p">04-39772</subfield>
      <subfield code="i">04-39772</subfield>
      <subfield code="g">477.4</subfield>
      <subfield code="o">616.89 S558e6</subfield>
      <subfield code="e">Compra SIUNPA OC 066/10</subfield>
      <subfield code="8">CG</subfield>
    </datafield>
  </record>