
  <record>
    <leader>01000aam  22002601a 4500</leader>
    <controlfield tag="001">YPZ90542</controlfield>
    <controlfield tag="003">YPZ</controlfield>
    <controlfield tag="005">200902121407280</controlfield>
    <controlfield tag="008">090212|###########||||||b||||||||||spa|d</controlfield>
    <datafield tag="020" ind1=" " ind2=" ">
      <subfield code="a">9508084960</subfield>
    </datafield>
    <datafield tag="020" ind1=" " ind2=" ">
      <subfield code="a">9789508084965</subfield>
    </datafield>
    <datafield tag="040" ind1=" " ind2=" ">
      <subfield code="c">SIUNPA</subfield>
    </datafield>
    <datafield tag="041" ind1=" " ind2=" ">
      <subfield code="a">spa</subfield>
    </datafield>
    <datafield tag="044" ind1=" " ind2=" ">
      <subfield code="a">AR</subfield>
    </datafield>
    <datafield tag="080" ind1=" " ind2=" ">
      <subfield code="a">372.88 D457d</subfield>
    </datafield>
    <datafield tag="100" ind1=" " ind2=" ">
      <subfield code="a">Desinano, Norma.</subfield>
    </datafield>
    <datafield tag="700" ind1=" " ind2=" ">
      <subfield code="a">Avendaño, Fernando.</subfield>
    </datafield>
    <datafield tag="245" ind1=" " ind2=" ">
      <subfield code="a">Didáctica de las ciencias del lenguaje</subfield>
      <subfield code="b"> : enseñar ciencias del lenguaje. Enseñar a enseñar ciencias del lenguaje</subfield>
    </datafield>
    <datafield tag="260" ind1=" " ind2=" ">
      <subfield code="a">Rosario</subfield>
      <subfield code="b"> : Homo Sapiens</subfield>
      <subfield code="c"> , c2006</subfield>
    </datafield>
    <datafield tag="500" ind1=" " ind2=" ">
      <subfield code="a">El año de reimpresión varía según el ejemplar</subfield>
    </datafield>
    <datafield tag="500" ind1=" " ind2=" ">
      <subfield code="a">La obra presenta el texto en dos partes de lectura invertida, con tapas, portada e índices independientes</subfield>
    </datafield>
    <datafield tag="650" ind1=" " ind2=" ">
      <subfield code="a"> ENSEÑANZA DE LA ESCRITURA</subfield>
    </datafield>
    <datafield tag="650" ind1=" " ind2=" ">
      <subfield code="a"> METODOS DE ENSEÑANZA</subfield>
    </datafield>
    <datafield tag="650" ind1=" " ind2=" ">
      <subfield code="a"> ENSEÑANZA DE LA EXPRESION ORAL</subfield>
    </datafield>
    <datafield tag="942" ind1=" " ind2=" ">
      <subfield code="c">BK</subfield>
    </datafield>
    <datafield tag="952" ind1=" " ind2=" ">
      <subfield code="a">BIB_RECT</subfield>
      <subfield code="b">BIB_UASJ</subfield>
      <subfield code="d">2009-02-11</subfield>
      <subfield code="y">BK</subfield>
      <subfield code="p">04-36988</subfield>
      <subfield code="i">04-36988</subfield>
      <subfield code="g">36.1</subfield>
      <subfield code="o">372.88 D457d</subfield>
      <subfield code="e">SIUNPA</subfield>
      <subfield code="8">CG</subfield>
    </datafield>
    <datafield tag="952" ind1=" " ind2=" ">
      <subfield code="a">BIB_RECT</subfield>
      <subfield code="b">BIB_UASJ</subfield>
      <subfield code="d">2009-02-11</subfield>
      <subfield code="y">BK</subfield>
      <subfield code="p">04-36989</subfield>
      <subfield code="i">04-36989</subfield>
      <subfield code="g">36.1</subfield>
      <subfield code="o">372.88 D457d</subfield>
      <subfield code="e">SIUNPA</subfield>
      <subfield code="8">CG</subfield>
    </datafield>
    <datafield tag="952" ind1=" " ind2=" ">
      <subfield code="a">BIB_RECT</subfield>
      <subfield code="b">BIB_UARG</subfield>
      <subfield code="d">2011-11-30</subfield>
      <subfield code="y">BK</subfield>
      <subfield code="p">05-41865</subfield>
      <subfield code="i">05-41865</subfield>
      <subfield code="g">60</subfield>
      <subfield code="o">372.88 D457d</subfield>
      <subfield code="e">Compra SIUNPA/11</subfield>
      <subfield code="8">CG</subfield>
    </datafield>
    <datafield tag="952" ind1=" " ind2=" ">
      <subfield code="a">BIB_RECT</subfield>
      <subfield code="b">BIB_UARG</subfield>
      <subfield code="d">2011-11-30</subfield>
      <subfield code="y">BK</subfield>
      <subfield code="p">05-41866</subfield>
      <subfield code="i">05-41866</subfield>
      <subfield code="g">60</subfield>
      <subfield code="o">372.88 D457d</subfield>
      <subfield code="e">Compra SIUNPA/11</subfield>
      <subfield code="8">CG</subfield>
    </datafield>
    <datafield tag="952" ind1=" " ind2=" ">
      <subfield code="a">BIB_RECT</subfield>
      <subfield code="b">BIB_UARG</subfield>
      <subfield code="d">2011-11-30</subfield>
      <subfield code="y">BK</subfield>
      <subfield code="p">05-41867</subfield>
      <subfield code="i">05-41867</subfield>
      <subfield code="g">60</subfield>
      <subfield code="o">372.88 D457d</subfield>
      <subfield code="e">Compra SIUNPA/11</subfield>
      <subfield code="8">CG</subfield>
    </datafield>
    <datafield tag="952" ind1=" " ind2=" ">
      <subfield code="a">BIB_RECT</subfield>
      <subfield code="b">BIB_UARG</subfield>
      <subfield code="d">2011-11-30</subfield>
      <subfield code="y">BK</subfield>
      <subfield code="p">05-41868</subfield>
      <subfield code="i">05-41868</subfield>
      <subfield code="g">60</subfield>
      <subfield code="o">372.88 D457d</subfield>
      <subfield code="e">Compra SIUNPA/11</subfield>
      <subfield code="8">CG</subfield>
    </datafield>
    <datafield tag="952" ind1=" " ind2=" ">
      <subfield code="a">BIB_RECT</subfield>
      <subfield code="b">BIB_UARG</subfield>
      <subfield code="d">2011-11-30</subfield>
      <subfield code="y">BK</subfield>
      <subfield code="p">05-41869</subfield>
      <subfield code="i">05-41869</subfield>
      <subfield code="g">60</subfield>
      <subfield code="o">372.88 D457d</subfield>
      <subfield code="e">Compra SIUNPA/11</subfield>
      <subfield code="8">CG</subfield>
    </datafield>
  </record>