
  <record>
    <leader>01000aam  22002601a 4500</leader>
    <controlfield tag="001">YPZ90558</controlfield>
    <controlfield tag="003">YPZ</controlfield>
    <controlfield tag="005">200902131456540</controlfield>
    <controlfield tag="008">090213|###########||||||b||||||||||spa|d</controlfield>
    <datafield tag="020" ind1=" " ind2=" ">
      <subfield code="a">8449307252</subfield>
    </datafield>
    <datafield tag="040" ind1=" " ind2=" ">
      <subfield code="c">SIUNPA</subfield>
    </datafield>
    <datafield tag="041" ind1=" " ind2=" ">
      <subfield code="a">spa</subfield>
    </datafield>
    <datafield tag="044" ind1=" " ind2=" ">
      <subfield code="a">ES</subfield>
    </datafield>
    <datafield tag="080" ind1=" " ind2=" ">
      <subfield code="a">316.77 T166c</subfield>
    </datafield>
    <datafield tag="100" ind1=" " ind2=" ">
      <subfield code="a">Tannen, Deborah.</subfield>
    </datafield>
    <datafield tag="245" ind1=" " ind2=" ">
      <subfield code="a">La cultura de la polémica</subfield>
      <subfield code="b"> : del enfrentamiento al diálogo</subfield>
      <subfield code="c"> / Basté-Kraan, Montserrat, tr.</subfield>
    </datafield>
    <datafield tag="260" ind1=" " ind2=" ">
      <subfield code="a">Barcelona</subfield>
      <subfield code="b"> : Paidós</subfield>
      <subfield code="c"> , 1999</subfield>
    </datafield>
    <datafield tag="440" ind1=" " ind2=" ">
      <subfield code="a">Colección caminos de la argentina</subfield>
      <subfield code="a">Colección retardo mental y educación especial</subfield>
      <subfield code="a">Colección estructuras y procesos. Serie Filosofía</subfield>
      <subfield code="a">Serie Cla-De-Ma. Filosofía</subfield>
      <subfield code="a">Colihue clásica</subfield>
      <subfield code="a">Enciclopedia semiológica</subfield>
      <subfield code="a">Paidós contextos</subfield>
      <subfield code="v">43</subfield>
    </datafield>
    <datafield tag="490" ind1=" " ind2=" ">
      <subfield code="a">Colección caminos de la argentina</subfield>
      <subfield code="a">Colección retardo mental y educación especial</subfield>
      <subfield code="a">Colección estructuras y procesos. Serie Filosofía</subfield>
      <subfield code="a">Serie Cla-De-Ma. Filosofía</subfield>
      <subfield code="a">Colihue clásica</subfield>
      <subfield code="a">Enciclopedia semiológica</subfield>
      <subfield code="a">Paidós contextos</subfield>
      <subfield code="v">43</subfield>
    </datafield>
    <datafield tag="650" ind1=" " ind2=" ">
      <subfield code="a"> LENGUAJE</subfield>
    </datafield>
    <datafield tag="650" ind1=" " ind2=" ">
      <subfield code="a"> SOCIOLOGIA DE LA COMUNICACION</subfield>
    </datafield>
    <datafield tag="650" ind1=" " ind2=" ">
      <subfield code="a"> COMUNICACION INTERPERSONAL</subfield>
    </datafield>
    <datafield tag="942" ind1=" " ind2=" ">
      <subfield code="c">BK</subfield>
    </datafield>
    <datafield tag="952" ind1=" " ind2=" ">
      <subfield code="a">BIB_RECT</subfield>
      <subfield code="b">BIB_UARG</subfield>
      <subfield code="d">2009-02-13</subfield>
      <subfield code="y">BK</subfield>
      <subfield code="p">05-37008</subfield>
      <subfield code="i">05-37008</subfield>
      <subfield code="g">68.1</subfield>
      <subfield code="o">316.77 T166c</subfield>
      <subfield code="e">Compra SIUNPA</subfield>
      <subfield code="8">CG</subfield>
    </datafield>
  </record>