
  <record>
    <leader>01000aam  22002601a 4500</leader>
    <controlfield tag="001">YPZ90572</controlfield>
    <controlfield tag="003">YPZ</controlfield>
    <controlfield tag="005">200902161638560</controlfield>
    <controlfield tag="008">090216|###########||||||b||||||||||spa|d</controlfield>
    <datafield tag="020" ind1=" " ind2=" ">
      <subfield code="a">9508021241</subfield>
    </datafield>
    <datafield tag="040" ind1=" " ind2=" ">
      <subfield code="c">SIUNPA</subfield>
    </datafield>
    <datafield tag="041" ind1=" " ind2=" ">
      <subfield code="a">spa</subfield>
    </datafield>
    <datafield tag="044" ind1=" " ind2=" ">
      <subfield code="a">AR</subfield>
    </datafield>
    <datafield tag="080" ind1=" " ind2=" ">
      <subfield code="a">364.442.2 P259a</subfield>
    </datafield>
    <datafield tag="100" ind1=" " ind2=" ">
      <subfield code="a">Parra, Gustavo.</subfield>
    </datafield>
    <datafield tag="245" ind1=" " ind2=" ">
      <subfield code="a">Antimodernidad y trabajo social</subfield>
      <subfield code="b"> : orígenes y expansión del trabajo social argentino</subfield>
    </datafield>
    <datafield tag="260" ind1=" " ind2=" ">
      <subfield code="a">Buenos Aires</subfield>
      <subfield code="b"> : Espacio</subfield>
      <subfield code="c"> , 2001</subfield>
    </datafield>
    <datafield tag="650" ind1=" " ind2=" ">
      <subfield code="a"> TRABAJO SOCIAL</subfield>
    </datafield>
    <datafield tag="650" ind1=" " ind2=" ">
      <subfield code="a"> TRABAJADOR SOCIAL</subfield>
    </datafield>
    <datafield tag="650" ind1=" " ind2=" ">
      <subfield code="a"> SERVICIO SOCIAL</subfield>
    </datafield>
    <datafield tag="650" ind1=" " ind2=" ">
      <subfield code="a"> ARGENTINA</subfield>
    </datafield>
    <datafield tag="942" ind1=" " ind2=" ">
      <subfield code="c">BK</subfield>
    </datafield>
    <datafield tag="952" ind1=" " ind2=" ">
      <subfield code="a">BIB_RECT</subfield>
      <subfield code="b">BIB_UACO</subfield>
      <subfield code="d">2011-09-15</subfield>
      <subfield code="y">BK</subfield>
      <subfield code="p">02-41459</subfield>
      <subfield code="i">02-41459</subfield>
      <subfield code="g">48.2</subfield>
      <subfield code="o">364.442.2 P259a</subfield>
      <subfield code="e">Compra SIUNPA</subfield>
      <subfield code="8">CG</subfield>
    </datafield>
    <datafield tag="952" ind1=" " ind2=" ">
      <subfield code="a">BIB_RECT</subfield>
      <subfield code="b">BIB_UACO</subfield>
      <subfield code="d">2011-09-15</subfield>
      <subfield code="y">BK</subfield>
      <subfield code="p">02-41460</subfield>
      <subfield code="i">02-41460</subfield>
      <subfield code="g">48.2</subfield>
      <subfield code="o">364.442.2 P259a</subfield>
      <subfield code="e">Compra SIUNPA</subfield>
      <subfield code="8">CG</subfield>
    </datafield>
    <datafield tag="952" ind1=" " ind2=" ">
      <subfield code="a">BIB_RECT</subfield>
      <subfield code="b">BIB_UACO</subfield>
      <subfield code="d">2011-09-15</subfield>
      <subfield code="y">BK</subfield>
      <subfield code="p">02-41461</subfield>
      <subfield code="i">02-41461</subfield>
      <subfield code="g">48.2</subfield>
      <subfield code="o">364.442.2 P259a</subfield>
      <subfield code="e">Compra SIUNPA</subfield>
      <subfield code="8">CG</subfield>
    </datafield>
    <datafield tag="952" ind1=" " ind2=" ">
      <subfield code="a">BIB_RECT</subfield>
      <subfield code="b">BIB_UACO</subfield>
      <subfield code="d">2011-09-15</subfield>
      <subfield code="y">BK</subfield>
      <subfield code="p">02-41462</subfield>
      <subfield code="i">02-41462</subfield>
      <subfield code="g">48.2</subfield>
      <subfield code="o">364.442.2 P259a</subfield>
      <subfield code="e">Compra SIUNPA</subfield>
      <subfield code="8">CG</subfield>
    </datafield>
    <datafield tag="952" ind1=" " ind2=" ">
      <subfield code="a">BIB_RECT</subfield>
      <subfield code="b">BIB_UART</subfield>
      <subfield code="d">2009-02-13</subfield>
      <subfield code="y">BK</subfield>
      <subfield code="p">03-37062</subfield>
      <subfield code="i">03-37062</subfield>
      <subfield code="g">31.2</subfield>
      <subfield code="o">364.442.2 P259a</subfield>
      <subfield code="e">Compra SIUNPA</subfield>
      <subfield code="8">CG</subfield>
    </datafield>
    <datafield tag="952" ind1=" " ind2=" ">
      <subfield code="a">BIB_RECT</subfield>
      <subfield code="b">BIB_UASJ</subfield>
      <subfield code="d">2012-03-27</subfield>
      <subfield code="y">BK</subfield>
      <subfield code="p">04-42142</subfield>
      <subfield code="i">04-42142</subfield>
      <subfield code="g">48.1</subfield>
      <subfield code="o">364.442.2 P259a</subfield>
      <subfield code="e">Compra SIUNPA</subfield>
      <subfield code="8">CG</subfield>
    </datafield>
    <datafield tag="952" ind1=" " ind2=" ">
      <subfield code="a">BIB_RECT</subfield>
      <subfield code="b">BIB_UARG</subfield>
      <subfield code="d">2010-11-17</subfield>
      <subfield code="y">BK</subfield>
      <subfield code="p">05-40395</subfield>
      <subfield code="i">05-40395</subfield>
      <subfield code="g">50</subfield>
      <subfield code="o">364.442.2 P259a</subfield>
      <subfield code="e">PI 29A/251</subfield>
      <subfield code="8">CG</subfield>
    </datafield>
  </record>