
  <record>
    <leader>01000aam  22002601a 4500</leader>
    <controlfield tag="001">YPZ90575</controlfield>
    <controlfield tag="003">YPZ</controlfield>
    <controlfield tag="005">200902171032230</controlfield>
    <controlfield tag="008">090217|###########||||||b||||||||||spa|d</controlfield>
    <datafield tag="020" ind1=" " ind2=" ">
      <subfield code="a">9508084642</subfield>
    </datafield>
    <datafield tag="040" ind1=" " ind2=" ">
      <subfield code="c">SIUNPA</subfield>
    </datafield>
    <datafield tag="041" ind1=" " ind2=" ">
      <subfield code="a">spa</subfield>
    </datafield>
    <datafield tag="044" ind1=" " ind2=" ">
      <subfield code="a">AR</subfield>
    </datafield>
    <datafield tag="080" ind1=" " ind2=" ">
      <subfield code="a">373.2 P684p</subfield>
    </datafield>
    <datafield tag="100" ind1=" " ind2=" ">
      <subfield code="a">Pitluk, Laura.</subfield>
    </datafield>
    <datafield tag="245" ind1=" " ind2=" ">
      <subfield code="a">La planificación didáctica en el jardín de infantes</subfield>
      <subfield code="b"> : las unidades didácticas, los proyectos y las secuencias didácticas. El juego trabajo</subfield>
    </datafield>
    <datafield tag="250" ind1=" " ind2=" ">
      <subfield code="a">1a ed., 3a reimpr.</subfield>
    </datafield>
    <datafield tag="260" ind1=" " ind2=" ">
      <subfield code="a">Rosario</subfield>
      <subfield code="b"> : Homo Sapiens</subfield>
      <subfield code="c"> , 2008</subfield>
    </datafield>
    <datafield tag="650" ind1=" " ind2=" ">
      <subfield code="a"> EDUCACION PREESCOLAR</subfield>
    </datafield>
    <datafield tag="650" ind1=" " ind2=" ">
      <subfield code="a"> JARDINES DE INFANCIA</subfield>
    </datafield>
    <datafield tag="650" ind1=" " ind2=" ">
      <subfield code="a"> PLANIFICACION ESCOLAR</subfield>
    </datafield>
    <datafield tag="650" ind1=" " ind2=" ">
      <subfield code="a"> ROL DEL DOCENTE</subfield>
    </datafield>
    <datafield tag="650" ind1=" " ind2=" ">
      <subfield code="a"> ORGANIZACION ESCOLAR</subfield>
    </datafield>
    <datafield tag="942" ind1=" " ind2=" ">
      <subfield code="c">BK</subfield>
    </datafield>
    <datafield tag="952" ind1=" " ind2=" ">
      <subfield code="a">BIB_RECT</subfield>
      <subfield code="b">BIB_UART</subfield>
      <subfield code="d">2009-02-17</subfield>
      <subfield code="y">BK</subfield>
      <subfield code="p">03-37025</subfield>
      <subfield code="i">03-37025</subfield>
      <subfield code="g">67.9</subfield>
      <subfield code="o">373.2 P684p</subfield>
      <subfield code="e">SIUNPA</subfield>
      <subfield code="8">CG</subfield>
    </datafield>
    <datafield tag="952" ind1=" " ind2=" ">
      <subfield code="a">BIB_RECT</subfield>
      <subfield code="b">BIB_UART</subfield>
      <subfield code="d">2009-02-17</subfield>
      <subfield code="y">BK</subfield>
      <subfield code="p">03-37026</subfield>
      <subfield code="i">03-37026</subfield>
      <subfield code="g">67.9</subfield>
      <subfield code="o">373.2 P684p</subfield>
      <subfield code="e">SIUNPA</subfield>
      <subfield code="8">CG</subfield>
    </datafield>
    <datafield tag="952" ind1=" " ind2=" ">
      <subfield code="a">BIB_RECT</subfield>
      <subfield code="b">BIB_UART</subfield>
      <subfield code="d">2009-02-17</subfield>
      <subfield code="y">BK</subfield>
      <subfield code="p">03-37027</subfield>
      <subfield code="i">03-37027</subfield>
      <subfield code="g">67.9</subfield>
      <subfield code="o">373.2 P684p</subfield>
      <subfield code="e">SIUNPA</subfield>
      <subfield code="8">CG</subfield>
    </datafield>
    <datafield tag="952" ind1=" " ind2=" ">
      <subfield code="a">BIB_RECT</subfield>
      <subfield code="b">BIB_UART</subfield>
      <subfield code="d">2009-02-17</subfield>
      <subfield code="y">BK</subfield>
      <subfield code="p">03-37028</subfield>
      <subfield code="i">03-37028</subfield>
      <subfield code="g">67.9</subfield>
      <subfield code="o">373.2 P684p</subfield>
      <subfield code="e">SIUNPA</subfield>
      <subfield code="8">CG</subfield>
    </datafield>
    <datafield tag="952" ind1=" " ind2=" ">
      <subfield code="a">BIB_RECT</subfield>
      <subfield code="b">BIB_UART</subfield>
      <subfield code="d">2009-02-17</subfield>
      <subfield code="y">BK</subfield>
      <subfield code="p">03-37029</subfield>
      <subfield code="i">03-37029</subfield>
      <subfield code="g">67.9</subfield>
      <subfield code="o">373.2 P684p</subfield>
      <subfield code="e">SIUNPA</subfield>
      <subfield code="8">CG</subfield>
    </datafield>
    <datafield tag="952" ind1=" " ind2=" ">
      <subfield code="a">BIB_RECT</subfield>
      <subfield code="b">BIB_UART</subfield>
      <subfield code="d">2009-02-17</subfield>
      <subfield code="y">BK</subfield>
      <subfield code="p">03-37030</subfield>
      <subfield code="i">03-37030</subfield>
      <subfield code="g">67.9</subfield>
      <subfield code="o">373.2 P684p</subfield>
      <subfield code="e">SIUNPA</subfield>
      <subfield code="8">CG</subfield>
    </datafield>
    <datafield tag="952" ind1=" " ind2=" ">
      <subfield code="a">BIB_RECT</subfield>
      <subfield code="b">BIB_UART</subfield>
      <subfield code="d">2009-02-17</subfield>
      <subfield code="y">BK</subfield>
      <subfield code="p">03-37031</subfield>
      <subfield code="i">03-37031</subfield>
      <subfield code="g">67.9</subfield>
      <subfield code="o">373.2 P684p</subfield>
      <subfield code="e">SIUNPA</subfield>
      <subfield code="8">CG</subfield>
    </datafield>
  </record>