
  <record>
    <leader>01000aam  22002601a 4500</leader>
    <controlfield tag="001">YPZ90579</controlfield>
    <controlfield tag="003">YPZ</controlfield>
    <controlfield tag="005">200902171243550</controlfield>
    <controlfield tag="008">090217|###########||||||b||||||||||spa|d</controlfield>
    <datafield tag="020" ind1=" " ind2=" ">
      <subfield code="a">9788478410835</subfield>
    </datafield>
    <datafield tag="040" ind1=" " ind2=" ">
      <subfield code="c">SIUNPA</subfield>
    </datafield>
    <datafield tag="041" ind1=" " ind2=" ">
      <subfield code="a">spa</subfield>
    </datafield>
    <datafield tag="044" ind1=" " ind2=" ">
      <subfield code="a">ES</subfield>
    </datafield>
    <datafield tag="080" ind1=" " ind2=" ">
      <subfield code="a">614.253.5 N964n</subfield>
    </datafield>
    <datafield tag="245" ind1=" " ind2=" ">
      <subfield code="a">Nuevo manual de la enfermería</subfield>
      <subfield code="c"> / Gispert, Carlos de, dir.</subfield>
    </datafield>
    <datafield tag="260" ind1=" " ind2=" ">
      <subfield code="a">Barcelona</subfield>
      <subfield code="b"> : Oceano</subfield>
      <subfield code="c"> , 2008</subfield>
    </datafield>
    <datafield tag="300" ind1=" " ind2=" ">
      <subfield code="a">135 p. : </subfield>
      <subfield code="b">il. ; </subfield>
      <subfield code="a">167 p. : </subfield>
      <subfield code="b">il. ; </subfield>
      <subfield code="a">300 p. : </subfield>
      <subfield code="b">il. ; </subfield>
      <subfield code="a">637 p. : </subfield>
      <subfield code="b">il. ; </subfield>
      <subfield code="a">444 p. : </subfield>
      <subfield code="b">il. ; </subfield>
      <subfield code="a">193 p. : </subfield>
      <subfield code="a">143 p. : </subfield>
      <subfield code="b">il. ; </subfield>
      <subfield code="a">287 p. : </subfield>
      <subfield code="b">il. ; </subfield>
      <subfield code="a">208 p. : </subfield>
      <subfield code="b">il. ; </subfield>
      <subfield code="a">xxi, 327 p. : </subfield>
      <subfield code="b">il. ; </subfield>
      <subfield code="a">303 p. : </subfield>
      <subfield code="b">il. ; </subfield>
      <subfield code="a">416 p. : </subfield>
      <subfield code="b">il. ; </subfield>
      <subfield code="a">xiii, 357 p. : </subfield>
      <subfield code="a">xvii, 270 p. : </subfield>
      <subfield code="b">il. ; </subfield>
      <subfield code="a">xxiv, 647 p. : </subfield>
      <subfield code="b">il. ; </subfield>
      <subfield code="a">156, 142 p. : </subfield>
      <subfield code="b">cuadros ; </subfield>
      <subfield code="a">2 v. : </subfield>
      <subfield code="b">cuadros ; </subfield>
      <subfield code="a">366 p. : </subfield>
      <subfield code="a">x, 236 p : </subfield>
      <subfield code="b">il. ; </subfield>
      <subfield code="a">266 p. : </subfield>
      <subfield code="a">xv, 180 p. : </subfield>
      <subfield code="b">il. ; </subfield>
      <subfield code="a">138 p. : </subfield>
      <subfield code="a">234 p. : </subfield>
      <subfield code="b">il. ; </subfield>
      <subfield code="a">254 p. : </subfield>
      <subfield code="a">xxvii, 979 p. : </subfield>
      <subfield code="b">il. ; </subfield>
      <subfield code="a">127 p. : </subfield>
      <subfield code="b">il. ; </subfield>
      <subfield code="a">xiii, 422 p. : </subfield>
      <subfield code="b">il. ; </subfield>
      <subfield code="a">213 p. : </subfield>
      <subfield code="a">140 p. : </subfield>
      <subfield code="a">cxiv, 455 p. : </subfield>
      <subfield code="a">127 p. : </subfield>
      <subfield code="b">il. ; </subfield>
      <subfield code="a">363 p. : </subfield>
      <subfield code="a">190 p. : </subfield>
      <subfield code="b">il. ; </subfield>
      <subfield code="a">531 p. : </subfield>
      <subfield code="a">222 p. : </subfield>
      <subfield code="a">615 p. : </subfield>
      <subfield code="a">179 p. : </subfield>
      <subfield code="a">335 p. : </subfield>
      <subfield code="a">77 p. : </subfield>
      <subfield code="b">il. ; </subfield>
      <subfield code="a">226 p. : </subfield>
      <subfield code="a">376 p. : </subfield>
      <subfield code="a">350 p. : </subfield>
      <subfield code="a">1068 p. : </subfield>
      <subfield code="b">il. ; </subfield>
      <subfield code="a">159 p. : </subfield>
      <subfield code="a">240 p. : </subfield>
      <subfield code="b">il. ; </subfield>
      <subfield code="a">252 p. : </subfield>
      <subfield code="a">247 p. : </subfield>
      <subfield code="b">il. ; </subfield>
      <subfield code="a">180 p. : </subfield>
      <subfield code="b">il. ; </subfield>
      <subfield code="a">206 p. : </subfield>
      <subfield code="b">il. ; </subfield>
      <subfield code="a">xiv, 380 p. : </subfield>
      <subfield code="b">il. ; </subfield>
      <subfield code="a">157 p. : </subfield>
      <subfield code="a">157 p. : </subfield>
      <subfield code="a">xvi, 1200 p. : </subfield>
      <subfield code="b">il. ; </subfield>
      <subfield code="e">1 CD-ROM en bolsillo</subfield>
    </datafield>
    <datafield tag="500" ind1=" " ind2=" ">
      <subfield code="a">Contenido del CD-ROM: Guía médica interactiva, una potente herramienta interactiva desarrollada con tecnología multimedia de última generación, de gran utilidad para todas personas vinculadas a la labor sanitaria asistencial</subfield>
    </datafield>
    <datafield tag="650" ind1=" " ind2=" ">
      <subfield code="a"> PRACTICAS DE ENFERMERIA</subfield>
    </datafield>
    <datafield tag="650" ind1=" " ind2=" ">
      <subfield code="a"> SERVICIOS DE ENFERMERIA</subfield>
    </datafield>
    <datafield tag="650" ind1=" " ind2=" ">
      <subfield code="a"> SERVICIO DE SALUD</subfield>
    </datafield>
    <datafield tag="942" ind1=" " ind2=" ">
      <subfield code="c">BK</subfield>
    </datafield>
    <datafield tag="952" ind1=" " ind2=" ">
      <subfield code="a">BIB_RECT</subfield>
      <subfield code="b">BIB_UART</subfield>
      <subfield code="d">2009-02-17</subfield>
      <subfield code="y">BK</subfield>
      <subfield code="p">03-37069</subfield>
      <subfield code="i">03-37069</subfield>
      <subfield code="g">291.8</subfield>
      <subfield code="o">614.253.5 N964n</subfield>
      <subfield code="e">SIUNPA</subfield>
      <subfield code="8">CG</subfield>
    </datafield>
    <datafield tag="952" ind1=" " ind2=" ">
      <subfield code="a">BIB_RECT</subfield>
      <subfield code="b">BIB_UART</subfield>
      <subfield code="d">2009-02-17</subfield>
      <subfield code="y">BK</subfield>
      <subfield code="p">03-37070</subfield>
      <subfield code="i">03-37070</subfield>
      <subfield code="g">291.8</subfield>
      <subfield code="o">614.253.5 N964n</subfield>
      <subfield code="e">SIUNPA</subfield>
      <subfield code="8">CG</subfield>
    </datafield>
    <datafield tag="952" ind1=" " ind2=" ">
      <subfield code="a">BIB_RECT</subfield>
      <subfield code="b">BIB_UART</subfield>
      <subfield code="d">2009-02-17</subfield>
      <subfield code="y">BK</subfield>
      <subfield code="p">03-37071</subfield>
      <subfield code="i">03-37071</subfield>
      <subfield code="g">291.8</subfield>
      <subfield code="o">614.253.5 N964n</subfield>
      <subfield code="e">SIUNPA</subfield>
      <subfield code="8">CG</subfield>
    </datafield>
  </record>