
  <record>
    <leader>01000aam  22002601a 4500</leader>
    <controlfield tag="001">YPZ90599</controlfield>
    <controlfield tag="003">YPZ</controlfield>
    <controlfield tag="005">200902181356270</controlfield>
    <controlfield tag="008">090218|###########||||||b||||||||||spa|d</controlfield>
    <datafield tag="020" ind1=" " ind2=" ">
      <subfield code="a">9879173007</subfield>
    </datafield>
    <datafield tag="040" ind1=" " ind2=" ">
      <subfield code="c">SIUNPA</subfield>
    </datafield>
    <datafield tag="041" ind1=" " ind2=" ">
      <subfield code="a">spa</subfield>
    </datafield>
    <datafield tag="044" ind1=" " ind2=" ">
      <subfield code="a">AR</subfield>
    </datafield>
    <datafield tag="080" ind1=" " ind2=" ">
      <subfield code="a">316.7 O778o</subfield>
    </datafield>
    <datafield tag="100" ind1=" " ind2=" ">
      <subfield code="a">Ortiz, Renato.</subfield>
    </datafield>
    <datafield tag="245" ind1=" " ind2=" ">
      <subfield code="a">Otro territorio</subfield>
      <subfield code="b"> : ensayos sobre el mundo contemporáneo</subfield>
      <subfield code="c"> / Solari, Ada, tr.</subfield>
    </datafield>
    <datafield tag="250" ind1=" " ind2=" ">
      <subfield code="a">1a ed.</subfield>
    </datafield>
    <datafield tag="260" ind1=" " ind2=" ">
      <subfield code="a">Bernal</subfield>
      <subfield code="b"> : Universidad Nacional de Quilmes</subfield>
      <subfield code="c"> , c1996</subfield>
    </datafield>
    <datafield tag="500" ind1=" " ind2=" ">
      <subfield code="a">El año de reimpresión varía según el ejemplar</subfield>
    </datafield>
    <datafield tag="650" ind1=" " ind2=" ">
      <subfield code="a"> SOCIOLOGIA DE LA CULTURA</subfield>
    </datafield>
    <datafield tag="650" ind1=" " ind2=" ">
      <subfield code="a"> MEDIOS DE COMUNICACION</subfield>
    </datafield>
    <datafield tag="650" ind1=" " ind2=" ">
      <subfield code="a"> GLOBALIZACION</subfield>
    </datafield>
    <datafield tag="650" ind1=" " ind2=" ">
      <subfield code="a"> CULTURA DE MASAS</subfield>
    </datafield>
    <datafield tag="942" ind1=" " ind2=" ">
      <subfield code="c">BK</subfield>
    </datafield>
    <datafield tag="952" ind1=" " ind2=" ">
      <subfield code="a">BIB_RECT</subfield>
      <subfield code="b">BIB_UACO</subfield>
      <subfield code="d">2009-02-18</subfield>
      <subfield code="y">BK</subfield>
      <subfield code="p">02-04548</subfield>
      <subfield code="i">02-04548</subfield>
      <subfield code="g">20</subfield>
      <subfield code="o">316.7 O778o</subfield>
      <subfield code="e">Migración UACO</subfield>
      <subfield code="8">CG</subfield>
    </datafield>
    <datafield tag="952" ind1=" " ind2=" ">
      <subfield code="a">BIB_RECT</subfield>
      <subfield code="b">BIB_UACO</subfield>
      <subfield code="d">2009-02-18</subfield>
      <subfield code="y">BK</subfield>
      <subfield code="p">02-04549</subfield>
      <subfield code="i">02-04549</subfield>
      <subfield code="g">20</subfield>
      <subfield code="o">316.7 O778o</subfield>
      <subfield code="e">Migración UACO</subfield>
      <subfield code="8">CG</subfield>
    </datafield>
    <datafield tag="952" ind1=" " ind2=" ">
      <subfield code="a">BIB_RECT</subfield>
      <subfield code="b">BIB_UACO</subfield>
      <subfield code="d">2009-02-18</subfield>
      <subfield code="y">BK</subfield>
      <subfield code="p">02-04550</subfield>
      <subfield code="i">02-04550</subfield>
      <subfield code="g">20</subfield>
      <subfield code="o">316.7 O778o</subfield>
      <subfield code="e">Migración UACO</subfield>
      <subfield code="8">CG</subfield>
    </datafield>
    <datafield tag="952" ind1=" " ind2=" ">
      <subfield code="a">BIB_RECT</subfield>
      <subfield code="b">BIB_UACO</subfield>
      <subfield code="d">2009-02-18</subfield>
      <subfield code="y">BK</subfield>
      <subfield code="p">02-04551</subfield>
      <subfield code="i">02-04551</subfield>
      <subfield code="g">20</subfield>
      <subfield code="o">316.7 O778o</subfield>
      <subfield code="e">Migración UACO</subfield>
      <subfield code="8">CG</subfield>
    </datafield>
    <datafield tag="952" ind1=" " ind2=" ">
      <subfield code="a">BIB_RECT</subfield>
      <subfield code="b">BIB_UACO</subfield>
      <subfield code="d">2009-02-18</subfield>
      <subfield code="y">BK</subfield>
      <subfield code="p">02-04552</subfield>
      <subfield code="i">02-04552</subfield>
      <subfield code="g">20</subfield>
      <subfield code="o">316.7 O778o</subfield>
      <subfield code="e">Migración UACO</subfield>
      <subfield code="8">CG</subfield>
    </datafield>
    <datafield tag="952" ind1=" " ind2=" ">
      <subfield code="a">BIB_RECT</subfield>
      <subfield code="b">BIB_UACO</subfield>
      <subfield code="d">2009-02-18</subfield>
      <subfield code="y">BK</subfield>
      <subfield code="p">02-04553</subfield>
      <subfield code="i">02-04553</subfield>
      <subfield code="g">20</subfield>
      <subfield code="o">316.7 O778o</subfield>
      <subfield code="e">Migración UACO</subfield>
      <subfield code="8">CG</subfield>
    </datafield>
    <datafield tag="952" ind1=" " ind2=" ">
      <subfield code="a">BIB_RECT</subfield>
      <subfield code="b">BIB_UACO</subfield>
      <subfield code="d">2009-02-18</subfield>
      <subfield code="y">BK</subfield>
      <subfield code="p">02-04554</subfield>
      <subfield code="i">02-04554</subfield>
      <subfield code="g">20</subfield>
      <subfield code="o">316.7 O778o</subfield>
      <subfield code="e">Migración UACO</subfield>
      <subfield code="8">CG</subfield>
    </datafield>
    <datafield tag="952" ind1=" " ind2=" ">
      <subfield code="a">BIB_RECT</subfield>
      <subfield code="b">BIB_UACO</subfield>
      <subfield code="d">2009-02-18</subfield>
      <subfield code="y">BK</subfield>
      <subfield code="p">02-04555</subfield>
      <subfield code="i">02-04555</subfield>
      <subfield code="g">20</subfield>
      <subfield code="o">316.7 O778o</subfield>
      <subfield code="e">Migración UACO</subfield>
      <subfield code="8">CG</subfield>
    </datafield>
    <datafield tag="952" ind1=" " ind2=" ">
      <subfield code="a">BIB_RECT</subfield>
      <subfield code="b">BIB_UACO</subfield>
      <subfield code="d">2009-02-18</subfield>
      <subfield code="y">BK</subfield>
      <subfield code="p">02-04556</subfield>
      <subfield code="i">02-04556</subfield>
      <subfield code="g">20</subfield>
      <subfield code="o">316.7 O778o</subfield>
      <subfield code="e">Migración UACO</subfield>
      <subfield code="8">CG</subfield>
    </datafield>
    <datafield tag="952" ind1=" " ind2=" ">
      <subfield code="a">BIB_RECT</subfield>
      <subfield code="b">BIB_UACO</subfield>
      <subfield code="d">2009-02-18</subfield>
      <subfield code="y">BK</subfield>
      <subfield code="p">02-04557</subfield>
      <subfield code="i">02-04557</subfield>
      <subfield code="g">20</subfield>
      <subfield code="o">316.7 O778o</subfield>
      <subfield code="e">Migración UACO</subfield>
      <subfield code="8">CG</subfield>
    </datafield>
    <datafield tag="952" ind1=" " ind2=" ">
      <subfield code="a">BIB_RECT</subfield>
      <subfield code="b">BIB_UACO</subfield>
      <subfield code="d">2009-02-18</subfield>
      <subfield code="y">BK</subfield>
      <subfield code="p">02-04558</subfield>
      <subfield code="i">02-04558</subfield>
      <subfield code="g">20</subfield>
      <subfield code="o">316.7 O778o</subfield>
      <subfield code="e">Migración UACO</subfield>
      <subfield code="8">CG</subfield>
    </datafield>
    <datafield tag="952" ind1=" " ind2=" ">
      <subfield code="a">BIB_RECT</subfield>
      <subfield code="b">BIB_UACO</subfield>
      <subfield code="d">2009-02-18</subfield>
      <subfield code="y">BK</subfield>
      <subfield code="p">02-04559</subfield>
      <subfield code="i">02-04559</subfield>
      <subfield code="g">20</subfield>
      <subfield code="o">316.7 O778o</subfield>
      <subfield code="e">Migración UACO</subfield>
      <subfield code="8">CG</subfield>
    </datafield>
    <datafield tag="952" ind1=" " ind2=" ">
      <subfield code="a">BIB_RECT</subfield>
      <subfield code="b">BIB_UACO</subfield>
      <subfield code="d">2009-02-18</subfield>
      <subfield code="y">BK</subfield>
      <subfield code="p">02-04560</subfield>
      <subfield code="i">02-04560</subfield>
      <subfield code="g">20</subfield>
      <subfield code="o">316.7 O778o</subfield>
      <subfield code="e">Migración UACO</subfield>
      <subfield code="8">CG</subfield>
    </datafield>
    <datafield tag="952" ind1=" " ind2=" ">
      <subfield code="a">BIB_RECT</subfield>
      <subfield code="b">BIB_UACO</subfield>
      <subfield code="d">2009-02-18</subfield>
      <subfield code="y">BK</subfield>
      <subfield code="p">02-04561</subfield>
      <subfield code="i">02-04561</subfield>
      <subfield code="g">20</subfield>
      <subfield code="o">316.7 O778o</subfield>
      <subfield code="e">Migración UACO</subfield>
      <subfield code="8">CG</subfield>
    </datafield>
    <datafield tag="952" ind1=" " ind2=" ">
      <subfield code="a">BIB_RECT</subfield>
      <subfield code="b">BIB_UACO</subfield>
      <subfield code="d">2009-02-18</subfield>
      <subfield code="y">BK</subfield>
      <subfield code="p">02-04562</subfield>
      <subfield code="i">02-04562</subfield>
      <subfield code="g">20</subfield>
      <subfield code="o">316.7 O778o</subfield>
      <subfield code="e">Migración UACO</subfield>
      <subfield code="8">CG</subfield>
    </datafield>
    <datafield tag="952" ind1=" " ind2=" ">
      <subfield code="a">BIB_RECT</subfield>
      <subfield code="b">BIB_UACO</subfield>
      <subfield code="d">2009-02-18</subfield>
      <subfield code="y">BK</subfield>
      <subfield code="p">02-04563</subfield>
      <subfield code="i">02-04563</subfield>
      <subfield code="g">20</subfield>
      <subfield code="o">316.7 O778o</subfield>
      <subfield code="e">Migración UACO</subfield>
      <subfield code="8">CG</subfield>
    </datafield>
    <datafield tag="952" ind1=" " ind2=" ">
      <subfield code="a">BIB_RECT</subfield>
      <subfield code="b">BIB_UARG</subfield>
      <subfield code="d">2009-02-18</subfield>
      <subfield code="y">BK</subfield>
      <subfield code="p">05-10120</subfield>
      <subfield code="i">05-10120</subfield>
      <subfield code="g">20</subfield>
      <subfield code="o">316.7 O778o</subfield>
      <subfield code="e">Ortíz, Renato</subfield>
      <subfield code="8">CG</subfield>
    </datafield>
    <datafield tag="952" ind1=" " ind2=" ">
      <subfield code="a">BIB_RECT</subfield>
      <subfield code="b">BIB_UARG</subfield>
      <subfield code="d">2009-02-16</subfield>
      <subfield code="y">BK</subfield>
      <subfield code="p">05-37085</subfield>
      <subfield code="i">05-37085</subfield>
      <subfield code="g">20</subfield>
      <subfield code="o">316.7 O778o</subfield>
      <subfield code="e">PROSOC</subfield>
      <subfield code="8">CG</subfield>
    </datafield>
    <datafield tag="952" ind1=" " ind2=" ">
      <subfield code="a">BIB_RECT</subfield>
      <subfield code="b">BIB_UARG</subfield>
      <subfield code="d">2010-03-18</subfield>
      <subfield code="y">BK</subfield>
      <subfield code="p">05-39029</subfield>
      <subfield code="i">05-39029</subfield>
      <subfield code="g">22</subfield>
      <subfield code="o">316.7 O778o</subfield>
      <subfield code="e">Compra SIUNPA OC 157/09</subfield>
      <subfield code="8">CG</subfield>
    </datafield>
  </record>