
  <record>
    <leader>01000aam  22002601a 4500</leader>
    <controlfield tag="001">YPZ90652</controlfield>
    <controlfield tag="003">YPZ</controlfield>
    <controlfield tag="005">200902251413270</controlfield>
    <controlfield tag="008">090225|###########||||||b||||||||||spa|d</controlfield>
    <datafield tag="020" ind1=" " ind2=" ">
      <subfield code="a">9501263053</subfield>
    </datafield>
    <datafield tag="040" ind1=" " ind2=" ">
      <subfield code="c">SIUNPA</subfield>
    </datafield>
    <datafield tag="041" ind1=" " ind2=" ">
      <subfield code="a">spa</subfield>
    </datafield>
    <datafield tag="044" ind1=" " ind2=" ">
      <subfield code="a">AR</subfield>
    </datafield>
    <datafield tag="080" ind1=" " ind2=" ">
      <subfield code="a">159.9.072 W386t</subfield>
    </datafield>
    <datafield tag="100" ind1=" " ind2=" ">
      <subfield code="a">Wechsler, David.</subfield>
    </datafield>
    <datafield tag="245" ind1=" " ind2=" ">
      <subfield code="a">Test de inteligencia para niños WISC-III</subfield>
      <subfield code="c"> / Castillo, Ofelia, tr. ; Casullo, María Martina, dir. de la adaptación y supervisión de la versión castellana ; Echeverría, Haydeé, dir. de la adaptación y supervisión de la versión castellana</subfield>
    </datafield>
    <datafield tag="250" ind1=" " ind2=" ">
      <subfield code="a">1a ed.</subfield>
    </datafield>
    <datafield tag="260" ind1=" " ind2=" ">
      <subfield code="a">Buenos Aires</subfield>
      <subfield code="b"> : Paidós</subfield>
      <subfield code="c"> , 1994</subfield>
    </datafield>
    <datafield tag="505" ind1=" " ind2=" ">
      <subfield code="a">Contiene: Manual (335 p.) - Cuaderno de estímulos - 6 cuadernillos de respuestas - 2 plantillas de puntuación - 3 cuadernillos de puntuación - 1 lámina pantalla articulada - 6 cajas para composición de objetos con piezas sueltas - 1 caja de ordenamiento de historias con fichas sueltas - 1 caja para construcción de cubos con piezas sueltas</subfield>
    </datafield>
    <datafield tag="650" ind1=" " ind2=" ">
      <subfield code="a"> TEST DE INTELIGENCIA</subfield>
    </datafield>
    <datafield tag="650" ind1=" " ind2=" ">
      <subfield code="a"> WISC</subfield>
    </datafield>
    <datafield tag="650" ind1=" " ind2=" ">
      <subfield code="a">III</subfield>
    </datafield>
    <datafield tag="650" ind1=" " ind2=" ">
      <subfield code="a"> PSICOLOGIA INFANTIL </subfield>
    </datafield>
    <datafield tag="650" ind1=" " ind2=" ">
      <subfield code="a"> PSICODIAGNOSTICO</subfield>
    </datafield>
    <datafield tag="650" ind1=" " ind2=" ">
      <subfield code="a"> EVALUACION DEL POTENCIAL DE APRENDIZAJE</subfield>
    </datafield>
    <datafield tag="942" ind1=" " ind2=" ">
      <subfield code="c">BK</subfield>
    </datafield>
    <datafield tag="952" ind1=" " ind2=" ">
      <subfield code="a">BIB_RECT</subfield>
      <subfield code="b">BIB_UARG</subfield>
      <subfield code="d">2009-02-25</subfield>
      <subfield code="y">BK</subfield>
      <subfield code="p">05-08779</subfield>
      <subfield code="i">05-08779</subfield>
      <subfield code="g">550</subfield>
      <subfield code="o">159.9.072 W386t</subfield>
      <subfield code="e">Migracion UARG</subfield>
      <subfield code="8">CG</subfield>
    </datafield>
    <datafield tag="952" ind1=" " ind2=" ">
      <subfield code="a">BIB_RECT</subfield>
      <subfield code="b">BIB_UARG</subfield>
      <subfield code="d">2011-02-18</subfield>
      <subfield code="y">BK</subfield>
      <subfield code="p">05-40515</subfield>
      <subfield code="i">05-40515</subfield>
      <subfield code="g">600</subfield>
      <subfield code="o">159.9.072 W386t</subfield>
      <subfield code="e">Donación APEP/10</subfield>
      <subfield code="8">CG</subfield>
    </datafield>
  </record>