
  <record>
    <leader>01000aam  22002601a 4500</leader>
    <controlfield tag="001">YPZ90663</controlfield>
    <controlfield tag="003">YPZ</controlfield>
    <controlfield tag="005">200903031439550</controlfield>
    <controlfield tag="008">090303|###########||||||b||||||||||spa|d</controlfield>
    <datafield tag="020" ind1=" " ind2=" ">
      <subfield code="a">0321321278</subfield>
    </datafield>
    <datafield tag="040" ind1=" " ind2=" ">
      <subfield code="c">SIUNPA</subfield>
    </datafield>
    <datafield tag="041" ind1=" " ind2=" ">
      <subfield code="a">eng</subfield>
    </datafield>
    <datafield tag="044" ind1=" " ind2=" ">
      <subfield code="a">US</subfield>
    </datafield>
    <datafield tag="080" ind1=" " ind2=" ">
      <subfield code="a">004.43 A725u2</subfield>
    </datafield>
    <datafield tag="100" ind1=" " ind2=" ">
      <subfield code="a">Arlow, Jim.</subfield>
    </datafield>
    <datafield tag="700" ind1=" " ind2=" ">
      <subfield code="a">Neustadt, Ila.</subfield>
    </datafield>
    <datafield tag="245" ind1=" " ind2=" ">
      <subfield code="a">UML 2 and the unified process</subfield>
      <subfield code="b"> : practical object-oriented analysis and design</subfield>
    </datafield>
    <datafield tag="250" ind1=" " ind2=" ">
      <subfield code="a">2nd ed.</subfield>
    </datafield>
    <datafield tag="260" ind1=" " ind2=" ">
      <subfield code="a">Upper Saddle River, N.J.</subfield>
      <subfield code="b"> : Addison-Wesley</subfield>
      <subfield code="c"> , c2005</subfield>
    </datafield>
    <datafield tag="500" ind1=" " ind2=" ">
      <subfield code="a">El año de reimpresión varía según el ejemplar</subfield>
    </datafield>
    <datafield tag="650" ind1=" " ind2=" ">
      <subfield code="a"> LENGUAJE DE PROGRAMACION</subfield>
    </datafield>
    <datafield tag="650" ind1=" " ind2=" ">
      <subfield code="a"> LENGUAJE UML</subfield>
    </datafield>
    <datafield tag="942" ind1=" " ind2=" ">
      <subfield code="c">BK</subfield>
    </datafield>
    <datafield tag="952" ind1=" " ind2=" ">
      <subfield code="a">BIB_RECT</subfield>
      <subfield code="b">BIB_UACO</subfield>
      <subfield code="d">2009-02-26</subfield>
      <subfield code="y">BK</subfield>
      <subfield code="p">02-37171</subfield>
      <subfield code="i">02-37171</subfield>
      <subfield code="g">171</subfield>
      <subfield code="o">004.43 A725u2</subfield>
      <subfield code="e">Compra SIUNPA</subfield>
      <subfield code="8">CG</subfield>
    </datafield>
    <datafield tag="952" ind1=" " ind2=" ">
      <subfield code="a">BIB_RECT</subfield>
      <subfield code="b">BIB_UACO</subfield>
      <subfield code="d">2009-02-26</subfield>
      <subfield code="y">BK</subfield>
      <subfield code="p">02-37172</subfield>
      <subfield code="i">02-37172</subfield>
      <subfield code="g">171</subfield>
      <subfield code="o">004.43 A725u2</subfield>
      <subfield code="e">Compra SIUNPA</subfield>
      <subfield code="8">CG</subfield>
    </datafield>
    <datafield tag="952" ind1=" " ind2=" ">
      <subfield code="a">BIB_RECT</subfield>
      <subfield code="b">BIB_UACO</subfield>
      <subfield code="d">2009-02-26</subfield>
      <subfield code="y">BK</subfield>
      <subfield code="p">02-37173</subfield>
      <subfield code="i">02-37173</subfield>
      <subfield code="g">171</subfield>
      <subfield code="o">004.43 A725u2</subfield>
      <subfield code="e">Compra SIUNPA</subfield>
      <subfield code="8">CG</subfield>
    </datafield>
    <datafield tag="952" ind1=" " ind2=" ">
      <subfield code="a">BIB_RECT</subfield>
      <subfield code="b">BIB_UACO</subfield>
      <subfield code="d">2010-05-13</subfield>
      <subfield code="y">BK</subfield>
      <subfield code="p">02-39446</subfield>
      <subfield code="i">02-39446</subfield>
      <subfield code="g">225</subfield>
      <subfield code="o">004.43 A725u2</subfield>
      <subfield code="e">Compra SIUNPA</subfield>
      <subfield code="8">CG</subfield>
    </datafield>
    <datafield tag="952" ind1=" " ind2=" ">
      <subfield code="a">BIB_RECT</subfield>
      <subfield code="b">BIB_UACO</subfield>
      <subfield code="d">2010-05-13</subfield>
      <subfield code="y">BK</subfield>
      <subfield code="p">02-39447</subfield>
      <subfield code="i">02-39447</subfield>
      <subfield code="g">225</subfield>
      <subfield code="o">004.43 A725u2</subfield>
      <subfield code="e">Compra SIUNPA</subfield>
      <subfield code="8">CG</subfield>
    </datafield>
    <datafield tag="952" ind1=" " ind2=" ">
      <subfield code="a">BIB_RECT</subfield>
      <subfield code="b">BIB_UACO</subfield>
      <subfield code="d">2010-10-25</subfield>
      <subfield code="y">BK</subfield>
      <subfield code="p">02-40317</subfield>
      <subfield code="i">02-40317</subfield>
      <subfield code="g">224</subfield>
      <subfield code="o">004.43 A725u2</subfield>
      <subfield code="e">Compra SIUNPA</subfield>
      <subfield code="8">CG</subfield>
    </datafield>
    <datafield tag="952" ind1=" " ind2=" ">
      <subfield code="a">BIB_RECT</subfield>
      <subfield code="b">BIB_UACO</subfield>
      <subfield code="d">2010-10-25</subfield>
      <subfield code="y">BK</subfield>
      <subfield code="p">02-40318</subfield>
      <subfield code="i">02-40318</subfield>
      <subfield code="g">224</subfield>
      <subfield code="o">004.43 A725u2</subfield>
      <subfield code="e">Compra SIUNPA</subfield>
      <subfield code="8">CG</subfield>
    </datafield>
    <datafield tag="952" ind1=" " ind2=" ">
      <subfield code="a">BIB_RECT</subfield>
      <subfield code="b">BIB_UARG</subfield>
      <subfield code="d">2010-05-18</subfield>
      <subfield code="y">BK</subfield>
      <subfield code="p">05-39452</subfield>
      <subfield code="i">05-39452</subfield>
      <subfield code="g">225</subfield>
      <subfield code="o">004.43 A725u2</subfield>
      <subfield code="e">Compra SIUNPA</subfield>
      <subfield code="8">CG</subfield>
    </datafield>
    <datafield tag="952" ind1=" " ind2=" ">
      <subfield code="a">BIB_RECT</subfield>
      <subfield code="b">BIB_UARG</subfield>
      <subfield code="d">2010-05-13</subfield>
      <subfield code="y">BK</subfield>
      <subfield code="p">05-39453</subfield>
      <subfield code="i">05-39453</subfield>
      <subfield code="g">225</subfield>
      <subfield code="o">004.43 A725u2</subfield>
      <subfield code="e">Compra SIUNPA</subfield>
      <subfield code="8">CG</subfield>
    </datafield>
    <datafield tag="952" ind1=" " ind2=" ">
      <subfield code="a">BIB_RECT</subfield>
      <subfield code="b">BIB_UARG</subfield>
      <subfield code="d">2013-03-13</subfield>
      <subfield code="y">BK</subfield>
      <subfield code="p">05-44202</subfield>
      <subfield code="i">05-44202</subfield>
      <subfield code="g">411</subfield>
      <subfield code="o">004.43 A725u2</subfield>
      <subfield code="e">Compra SIUNPA</subfield>
      <subfield code="8">CG</subfield>
    </datafield>
    <datafield tag="952" ind1=" " ind2=" ">
      <subfield code="a">BIB_RECT</subfield>
      <subfield code="b">BIB_UARG</subfield>
      <subfield code="d">2013-03-13</subfield>
      <subfield code="y">BK</subfield>
      <subfield code="p">05-44203</subfield>
      <subfield code="i">05-44203</subfield>
      <subfield code="g">411</subfield>
      <subfield code="o">004.43 A725u2</subfield>
      <subfield code="e">Compra SIUNPA</subfield>
      <subfield code="8">CG</subfield>
    </datafield>
  </record>