
  <record>
    <leader>01000aam  22002601a 4500</leader>
    <controlfield tag="001">YPZ90675</controlfield>
    <controlfield tag="003">YPZ</controlfield>
    <controlfield tag="005">200903061232280</controlfield>
    <controlfield tag="008">090306|###########||||||b||||||||||spa|d</controlfield>
    <datafield tag="020" ind1=" " ind2=" ">
      <subfield code="a">9505574215</subfield>
    </datafield>
    <datafield tag="040" ind1=" " ind2=" ">
      <subfield code="c">SIUNPA</subfield>
    </datafield>
    <datafield tag="041" ind1=" " ind2=" ">
      <subfield code="a">spa</subfield>
    </datafield>
    <datafield tag="044" ind1=" " ind2=" ">
      <subfield code="a">AR</subfield>
    </datafield>
    <datafield tag="080" ind1=" " ind2=" ">
      <subfield code="a">378.4 M726u</subfield>
    </datafield>
    <datafield tag="100" ind1=" " ind2=" ">
      <subfield code="a">Mollis, Marcela.</subfield>
    </datafield>
    <datafield tag="245" ind1=" " ind2=" ">
      <subfield code="a">La universidad Argentina en tránsito</subfield>
      <subfield code="b"> : ensayo para jóvenes y no tan jóvenes</subfield>
    </datafield>
    <datafield tag="250" ind1=" " ind2=" ">
      <subfield code="a">1a ed.</subfield>
    </datafield>
    <datafield tag="260" ind1=" " ind2=" ">
      <subfield code="a">Buenos Aires</subfield>
      <subfield code="b"> : Fondo de Cultura Económica</subfield>
      <subfield code="c"> , 2001</subfield>
    </datafield>
    <datafield tag="440" ind1=" " ind2=" ">
      <subfield code="a">Psicometría y psicodiagnóstico</subfield>
      <subfield code="a"/>
      <subfield code="a">Biblioteca de Sociología</subfield>
      <subfield code="a">Colección Nómadas</subfield>
      <subfield code="a">Serie lengua y retórica latinas</subfield>
      <subfield code="a">Human-computer interaction series</subfield>
      <subfield code="a">Dover books on mathematics</subfield>
      <subfield code="a">The Morgan Kaufmann series in data management systems</subfield>
      <subfield code="a">Safari books online</subfield>
      <subfield code="a">Colección popular. Serie breves</subfield>
      <subfield code="v">602</subfield>
    </datafield>
    <datafield tag="490" ind1=" " ind2=" ">
      <subfield code="a">Psicometría y psicodiagnóstico</subfield>
      <subfield code="a"/>
      <subfield code="a">Biblioteca de Sociología</subfield>
      <subfield code="a">Colección Nómadas</subfield>
      <subfield code="a">Serie lengua y retórica latinas</subfield>
      <subfield code="a">Human-computer interaction series</subfield>
      <subfield code="a">Dover books on mathematics</subfield>
      <subfield code="a">The Morgan Kaufmann series in data management systems</subfield>
      <subfield code="a">Safari books online</subfield>
      <subfield code="a">Colección popular. Serie breves</subfield>
      <subfield code="v">602</subfield>
    </datafield>
    <datafield tag="650" ind1=" " ind2=" ">
      <subfield code="a"> REFORMA UNIVERSITARIA</subfield>
    </datafield>
    <datafield tag="650" ind1=" " ind2=" ">
      <subfield code="a"> UNIVERSIDADES</subfield>
    </datafield>
    <datafield tag="650" ind1=" " ind2=" ">
      <subfield code="a"> EDUCACION SUPERIOR</subfield>
    </datafield>
    <datafield tag="650" ind1=" " ind2=" ">
      <subfield code="a"> ARGENTINA</subfield>
    </datafield>
    <datafield tag="942" ind1=" " ind2=" ">
      <subfield code="c">BK</subfield>
    </datafield>
    <datafield tag="952" ind1=" " ind2=" ">
      <subfield code="a">BIB_RECT</subfield>
      <subfield code="b">BIB_UASJ</subfield>
      <subfield code="d">2009-03-09</subfield>
      <subfield code="y">BK</subfield>
      <subfield code="p">04-37236</subfield>
      <subfield code="i">04-37236</subfield>
      <subfield code="g">5</subfield>
      <subfield code="o">378.4 M726u</subfield>
      <subfield code="e">Compra SIUNPA</subfield>
      <subfield code="8">CG</subfield>
    </datafield>
    <datafield tag="952" ind1=" " ind2=" ">
      <subfield code="a">BIB_RECT</subfield>
      <subfield code="b">BIB_UARG</subfield>
      <subfield code="d">2014-07-07</subfield>
      <subfield code="y">BK</subfield>
      <subfield code="p">05-46295</subfield>
      <subfield code="i">05-46295</subfield>
      <subfield code="g">30</subfield>
      <subfield code="o">378.4 M726u</subfield>
      <subfield code="e">Don. Artesi, Liliana</subfield>
      <subfield code="8">CG</subfield>
    </datafield>
    <datafield tag="952" ind1=" " ind2=" ">
      <subfield code="a">BIB_RECT</subfield>
      <subfield code="b">SAT_PBNA</subfield>
      <subfield code="d">2009-03-16</subfield>
      <subfield code="y">BK</subfield>
      <subfield code="p">11-37362</subfield>
      <subfield code="i">11-37362</subfield>
      <subfield code="g">5</subfield>
      <subfield code="o">378.4 M726u</subfield>
      <subfield code="e">SIUNPA</subfield>
      <subfield code="8">CG</subfield>
    </datafield>
    <datafield tag="952" ind1=" " ind2=" ">
      <subfield code="a">BIB_RECT</subfield>
      <subfield code="b">SAT_GREG</subfield>
      <subfield code="d">2009-03-05</subfield>
      <subfield code="y">BK</subfield>
      <subfield code="p">18-37218</subfield>
      <subfield code="i">18-37218</subfield>
      <subfield code="g">5</subfield>
      <subfield code="o">378.4 M726u</subfield>
      <subfield code="e">SIUNPA</subfield>
      <subfield code="8">CG</subfield>
    </datafield>
  </record>