
  <record>
    <leader>01000aam  22002601a 4500</leader>
    <controlfield tag="001">YPZ90678</controlfield>
    <controlfield tag="003">YPZ</controlfield>
    <controlfield tag="005">200903061505390</controlfield>
    <controlfield tag="008">090306|###########||||||b||||||||||spa|d</controlfield>
    <datafield tag="020" ind1=" " ind2=" ">
      <subfield code="a">9706865527</subfield>
    </datafield>
    <datafield tag="020" ind1=" " ind2=" ">
      <subfield code="a">9789706865526</subfield>
    </datafield>
    <datafield tag="040" ind1=" " ind2=" ">
      <subfield code="c">SIUNPA</subfield>
    </datafield>
    <datafield tag="041" ind1=" " ind2=" ">
      <subfield code="a">spa</subfield>
    </datafield>
    <datafield tag="044" ind1=" " ind2=" ">
      <subfield code="a">MX</subfield>
    </datafield>
    <datafield tag="080" ind1=" " ind2=" ">
      <subfield code="a">54 K878q6</subfield>
    </datafield>
    <datafield tag="100" ind1=" " ind2=" ">
      <subfield code="a">Kotz, John C..</subfield>
    </datafield>
    <datafield tag="700" ind1=" " ind2=" ">
      <subfield code="a">Treichel, Paul M..</subfield>
    </datafield>
    <datafield tag="700" ind1=" " ind2=" ">
      <subfield code="a">Weaver, Gabriela C..</subfield>
    </datafield>
    <datafield tag="245" ind1=" " ind2=" ">
      <subfield code="a">Química y reactividad química</subfield>
      <subfield code="c"> / Reza García, Clemente, rev. técnica ; Ortiz Esquivel, Laura R., rev. técnica ; Garduño Sánchez, Gustavo, rev. técnica ; Aguilar Ortega, María Teresa, tr.</subfield>
    </datafield>
    <datafield tag="250" ind1=" " ind2=" ">
      <subfield code="a">6a ed.</subfield>
    </datafield>
    <datafield tag="260" ind1=" " ind2=" ">
      <subfield code="a">México, D.F.</subfield>
      <subfield code="b"> : Cengage Learning</subfield>
      <subfield code="c"> , 2005</subfield>
    </datafield>
    <datafield tag="300" ind1=" " ind2=" ">
      <subfield code="a">2 v. : </subfield>
      <subfield code="b">il. ; </subfield>
      <subfield code="a">235 p. : </subfield>
      <subfield code="a">120 p. : </subfield>
      <subfield code="b">il. ; </subfield>
      <subfield code="a">201 p. : </subfield>
      <subfield code="a">314 p. : </subfield>
      <subfield code="b">il ; </subfield>
      <subfield code="a">v. : </subfield>
      <subfield code="b">il. ; </subfield>
      <subfield code="a">76 p. : </subfield>
      <subfield code="a">362 p. : </subfield>
      <subfield code="a">2 v. : </subfield>
      <subfield code="a">253 p. : </subfield>
      <subfield code="a">157 p. : </subfield>
      <subfield code="a">2 v. : </subfield>
      <subfield code="b">il. ; </subfield>
      <subfield code="a">307 p. : </subfield>
      <subfield code="a">375 p. : </subfield>
      <subfield code="a">499 p. : </subfield>
      <subfield code="a">238 p. : </subfield>
      <subfield code="b">il. ; </subfield>
      <subfield code="a">221 p. : </subfield>
      <subfield code="a">210 p. : </subfield>
      <subfield code="b">il. ; </subfield>
      <subfield code="a">140 p. : </subfield>
      <subfield code="a">174 p. : </subfield>
      <subfield code="a">263 p. : </subfield>
      <subfield code="a">206 p., [4] h. : </subfield>
      <subfield code="b">il. ; </subfield>
      <subfield code="a">253 p. : </subfield>
      <subfield code="b">il. ; </subfield>
      <subfield code="a">397 p. : </subfield>
      <subfield code="b">il. ; </subfield>
      <subfield code="a">v. : </subfield>
      <subfield code="b">il. ; </subfield>
      <subfield code="a">873 p. : </subfield>
      <subfield code="b">il. ; </subfield>
      <subfield code="a">204 p. : </subfield>
      <subfield code="a">382 p. : </subfield>
      <subfield code="b">il. ; </subfield>
      <subfield code="a">312 p. : </subfield>
      <subfield code="a">287 p. : </subfield>
      <subfield code="b">il. ; </subfield>
      <subfield code="a">118 p. : </subfield>
      <subfield code="b">il. ; </subfield>
      <subfield code="a">980 p. : </subfield>
      <subfield code="b">il. ; </subfield>
      <subfield code="a">xxiv, 668 p. : </subfield>
      <subfield code="b">il. ; </subfield>
      <subfield code="a">1 v. en varias paginaciones : </subfield>
      <subfield code="b">il. ; </subfield>
      <subfield code="a">354 p. : </subfield>
      <subfield code="b">il. ; </subfield>
      <subfield code="a">xiii, 538 p. : </subfield>
      <subfield code="b">il. ; </subfield>
      <subfield code="a">xviii, 686 p. : </subfield>
      <subfield code="b">il. ; </subfield>
      <subfield code="a">476 p. : </subfield>
      <subfield code="b">il. ; </subfield>
      <subfield code="a">xi, 462 p. : </subfield>
      <subfield code="b">il. ; </subfield>
      <subfield code="a">xv, 789 p. : </subfield>
      <subfield code="b">il. ; </subfield>
      <subfield code="a">327 p. : </subfield>
      <subfield code="b">il. ; </subfield>
      <subfield code="a">158 p. : </subfield>
      <subfield code="a">xxi, 248 p. : </subfield>
      <subfield code="b">il. ; </subfield>
      <subfield code="a">240 p. : </subfield>
      <subfield code="b">cuadros ; </subfield>
      <subfield code="a">252 p. : </subfield>
      <subfield code="a">473 p. : </subfield>
      <subfield code="b">il. ; </subfield>
      <subfield code="a">2 v. : </subfield>
      <subfield code="a">207 p. : </subfield>
      <subfield code="a">278 p. : </subfield>
      <subfield code="a">xvii, 184 p. : </subfield>
      <subfield code="a">287 p. : </subfield>
      <subfield code="a">xiv, 305 p. : </subfield>
      <subfield code="a">147 p. : </subfield>
      <subfield code="b">il. ; </subfield>
      <subfield code="a">101 p. : </subfield>
      <subfield code="a">151 p. : </subfield>
      <subfield code="a">151 p. : </subfield>
      <subfield code="a">119 p. : </subfield>
      <subfield code="a">109 p. : </subfield>
      <subfield code="a">132 p. : </subfield>
      <subfield code="a">132 p. : </subfield>
      <subfield code="a">366 p. : </subfield>
      <subfield code="a">98 p. : </subfield>
      <subfield code="a">86 p. : </subfield>
      <subfield code="b">il. ; </subfield>
      <subfield code="a">86 p. : </subfield>
      <subfield code="b">il. ; </subfield>
      <subfield code="a">126 p. : </subfield>
      <subfield code="a">v. : </subfield>
      <subfield code="a">v. : </subfield>
      <subfield code="a">56 p. : </subfield>
      <subfield code="a">144 p. : </subfield>
      <subfield code="a">173 p. : </subfield>
      <subfield code="a">1 conjunto en caja : </subfield>
      <subfield code="b">il. ; </subfield>
      <subfield code="c">24 x 33 cm. + </subfield>
      <subfield code="a">243 p. : </subfield>
      <subfield code="a">339 p. : </subfield>
      <subfield code="b">il. ; </subfield>
      <subfield code="a">256 p. : </subfield>
      <subfield code="a">261 p. : </subfield>
      <subfield code="a">173 p. : </subfield>
      <subfield code="a">139 p. : </subfield>
      <subfield code="a">55 p. : </subfield>
      <subfield code="b">il. ; </subfield>
      <subfield code="a">417 p. : </subfield>
      <subfield code="b">il. ; </subfield>
      <subfield code="a">736 p. : </subfield>
      <subfield code="b">il. ; </subfield>
      <subfield code="a">xxii, 592 p. : </subfield>
      <subfield code="b">il. ; </subfield>
      <subfield code="a">xii, 461 p. : </subfield>
      <subfield code="b">il. ; </subfield>
      <subfield code="a">xxxiv, [858] p. : </subfield>
      <subfield code="b">il. ; </subfield>
      <subfield code="a">xxxvii, 822 p. : </subfield>
      <subfield code="b">il. ; </subfield>
      <subfield code="a">xxii, 492 p. : </subfield>
      <subfield code="b">il. ; </subfield>
      <subfield code="a">vii, [227] p. : </subfield>
      <subfield code="b">il. ; </subfield>
      <subfield code="a">xx, 427 p. : </subfield>
      <subfield code="b">il. ; </subfield>
      <subfield code="a">viii, 340 p. : </subfield>
      <subfield code="b">il. ; </subfield>
      <subfield code="a">xl, 1040 p. : </subfield>
      <subfield code="b">il. ; </subfield>
      <subfield code="a">xi, 865 p. : </subfield>
      <subfield code="b">il. ; </subfield>
      <subfield code="a">xv, 216 p. : </subfield>
      <subfield code="b">il. ; </subfield>
      <subfield code="a">vi, 134 p. : </subfield>
      <subfield code="b">il. ; </subfield>
      <subfield code="a">147 p. : </subfield>
      <subfield code="b">il. ; </subfield>
      <subfield code="a">350  p. : </subfield>
      <subfield code="a">xiii, 246 p. : </subfield>
      <subfield code="b">il. ; </subfield>
      <subfield code="a">xliv, [1160] p. en varias paginaciones : </subfield>
      <subfield code="b">il. ; </subfield>
      <subfield code="e">2 CD-ROM en bolsillo</subfield>
    </datafield>
    <datafield tag="500" ind1=" " ind2=" ">
      <subfield code="a">Contenido del CD-ROM: Química General Interactiva</subfield>
    </datafield>
    <datafield tag="650" ind1=" " ind2=" ">
      <subfield code="a"> QUIMICA</subfield>
    </datafield>
    <datafield tag="650" ind1=" " ind2=" ">
      <subfield code="a"> REACCIONES QUIMICAS</subfield>
    </datafield>
    <datafield tag="942" ind1=" " ind2=" ">
      <subfield code="c">BK</subfield>
    </datafield>
    <datafield tag="952" ind1=" " ind2=" ">
      <subfield code="a">BIB_RECT</subfield>
      <subfield code="b">BIB_UACO</subfield>
      <subfield code="d">2009-03-04</subfield>
      <subfield code="y">BK</subfield>
      <subfield code="p">02-37211</subfield>
      <subfield code="i">02-37211</subfield>
      <subfield code="g">155</subfield>
      <subfield code="o">54 K878q6</subfield>
      <subfield code="e">Compra SIUNPA</subfield>
      <subfield code="8">CG</subfield>
    </datafield>
  </record>