
  <record>
    <leader>01000aam  22002601a 4500</leader>
    <controlfield tag="001">YPZ90680</controlfield>
    <controlfield tag="003">YPZ</controlfield>
    <controlfield tag="005">200903091231390</controlfield>
    <controlfield tag="008">090309|###########||||||b||||||||||spa|d</controlfield>
    <datafield tag="020" ind1=" " ind2=" ">
      <subfield code="a">9702612152</subfield>
    </datafield>
    <datafield tag="020" ind1=" " ind2=" ">
      <subfield code="a">9789702612155</subfield>
    </datafield>
    <datafield tag="040" ind1=" " ind2=" ">
      <subfield code="c">SIUNPA</subfield>
    </datafield>
    <datafield tag="041" ind1=" " ind2=" ">
      <subfield code="a">spa</subfield>
    </datafield>
    <datafield tag="044" ind1=" " ind2=" ">
      <subfield code="a">MX</subfield>
    </datafield>
    <datafield tag="080" ind1=" " ind2=" ">
      <subfield code="a">531.2 B411e5</subfield>
    </datafield>
    <datafield tag="100" ind1=" " ind2=" ">
      <subfield code="a">Bedford, Anthony.</subfield>
    </datafield>
    <datafield tag="700" ind1=" " ind2=" ">
      <subfield code="a">Fowler, Wallace.</subfield>
    </datafield>
    <datafield tag="245" ind1=" " ind2=" ">
      <subfield code="a">Estática</subfield>
      <subfield code="b"> : mecánica para ingeniería. Quinta edición</subfield>
      <subfield code="c"> / Murrieta Murrieta, Jesús Elmer, tr. ; Ríos Sánchez, Miguel Ángel, rev técnica ; Zúñiga, Alex Elías, rev. técnica ; Cruz Castillo, Luis Miguel, ed. en español</subfield>
    </datafield>
    <datafield tag="250" ind1=" " ind2=" ">
      <subfield code="a">5a ed.</subfield>
    </datafield>
    <datafield tag="260" ind1=" " ind2=" ">
      <subfield code="a">Naucalpan de Juárez</subfield>
      <subfield code="b"> : Pearson Educación</subfield>
      <subfield code="c"> , 2008</subfield>
    </datafield>
    <datafield tag="650" ind1=" " ind2=" ">
      <subfield code="a"> ESTATICA</subfield>
    </datafield>
    <datafield tag="650" ind1=" " ind2=" ">
      <subfield code="a"> MECANICA</subfield>
    </datafield>
    <datafield tag="942" ind1=" " ind2=" ">
      <subfield code="c">BK</subfield>
    </datafield>
    <datafield tag="952" ind1=" " ind2=" ">
      <subfield code="a">BIB_RECT</subfield>
      <subfield code="b">BIB_UACO</subfield>
      <subfield code="d">2009-03-04</subfield>
      <subfield code="y">BK</subfield>
      <subfield code="p">02-37206</subfield>
      <subfield code="i">02-37206</subfield>
      <subfield code="g">98</subfield>
      <subfield code="o">531.2 B411e5</subfield>
      <subfield code="e">Compra SIUNPA</subfield>
      <subfield code="8">CG</subfield>
    </datafield>
    <datafield tag="952" ind1=" " ind2=" ">
      <subfield code="a">BIB_RECT</subfield>
      <subfield code="b">BIB_UACO</subfield>
      <subfield code="d">2009-03-04</subfield>
      <subfield code="y">BK</subfield>
      <subfield code="p">02-37207</subfield>
      <subfield code="i">02-37207</subfield>
      <subfield code="g">98</subfield>
      <subfield code="o">531.2 B411e5</subfield>
      <subfield code="e">Compra SIUNPA</subfield>
      <subfield code="8">CG</subfield>
    </datafield>
    <datafield tag="952" ind1=" " ind2=" ">
      <subfield code="a">BIB_RECT</subfield>
      <subfield code="b">BIB_UACO</subfield>
      <subfield code="d">2009-03-04</subfield>
      <subfield code="y">BK</subfield>
      <subfield code="p">02-37208</subfield>
      <subfield code="i">02-37208</subfield>
      <subfield code="g">98</subfield>
      <subfield code="o">531.2 B411e5</subfield>
      <subfield code="e">Compra SIUNPA</subfield>
      <subfield code="8">CG</subfield>
    </datafield>
  </record>