
  <record>
    <leader>01000aam  22002601a 4500</leader>
    <controlfield tag="001">YPZ90686</controlfield>
    <controlfield tag="003">YPZ</controlfield>
    <controlfield tag="005">200903091644250</controlfield>
    <controlfield tag="008">090309|###########||||||b||||||||||spa|d</controlfield>
    <datafield tag="020" ind1=" " ind2=" ">
      <subfield code="a">9789706868299</subfield>
    </datafield>
    <datafield tag="020" ind1=" " ind2=" ">
      <subfield code="a">9706868291</subfield>
    </datafield>
    <datafield tag="040" ind1=" " ind2=" ">
      <subfield code="c">SIUNPA</subfield>
    </datafield>
    <datafield tag="041" ind1=" " ind2=" ">
      <subfield code="a">spa</subfield>
    </datafield>
    <datafield tag="044" ind1=" " ind2=" ">
      <subfield code="a">MX</subfield>
    </datafield>
    <datafield tag="080" ind1=" " ind2=" ">
      <subfield code="a">543.08 S628p6</subfield>
    </datafield>
    <datafield tag="100" ind1=" " ind2=" ">
      <subfield code="a">Skoog, Douglas A..</subfield>
    </datafield>
    <datafield tag="700" ind1=" " ind2=" ">
      <subfield code="a">Holler, F. James.</subfield>
    </datafield>
    <datafield tag="700" ind1=" " ind2=" ">
      <subfield code="a">Crouch, Stanley R..</subfield>
    </datafield>
    <datafield tag="245" ind1=" " ind2=" ">
      <subfield code="a">Principios de análisis instrumental</subfield>
      <subfield code="b"> : sexta edición</subfield>
      <subfield code="c"> / Anzures, María Bruna Josefina, tr. ; Rojo Callejas, Francisco, rev. técnica ; Pérez Legorreta, Juan Alejo, rev. técnica</subfield>
    </datafield>
    <datafield tag="250" ind1=" " ind2=" ">
      <subfield code="a">6a ed.</subfield>
    </datafield>
    <datafield tag="260" ind1=" " ind2=" ">
      <subfield code="a">México, D.F.</subfield>
      <subfield code="b"> : Cengage Learning</subfield>
      <subfield code="c"> , 2008</subfield>
    </datafield>
    <datafield tag="650" ind1=" " ind2=" ">
      <subfield code="a"> ANALISIS INSTRUMENTAL</subfield>
    </datafield>
    <datafield tag="650" ind1=" " ind2=" ">
      <subfield code="a"> QUIMICA ANALITICA</subfield>
    </datafield>
    <datafield tag="650" ind1=" " ind2=" ">
      <subfield code="a"> ANALISIS QUIMICO</subfield>
    </datafield>
    <datafield tag="942" ind1=" " ind2=" ">
      <subfield code="c">BK</subfield>
    </datafield>
    <datafield tag="952" ind1=" " ind2=" ">
      <subfield code="a">BIB_RECT</subfield>
      <subfield code="b">BIB_UASJ</subfield>
      <subfield code="d">2009-03-09</subfield>
      <subfield code="y">BK</subfield>
      <subfield code="p">04-37248</subfield>
      <subfield code="i">04-37248</subfield>
      <subfield code="g">146</subfield>
      <subfield code="o">543.08 S628p6</subfield>
      <subfield code="e">Compra SIUNPA</subfield>
      <subfield code="8">CG</subfield>
    </datafield>
    <datafield tag="952" ind1=" " ind2=" ">
      <subfield code="a">BIB_RECT</subfield>
      <subfield code="b">BIB_UARG</subfield>
      <subfield code="d">2012-03-27</subfield>
      <subfield code="y">BK</subfield>
      <subfield code="p">05-42162</subfield>
      <subfield code="i">05-42162</subfield>
      <subfield code="g">2007</subfield>
      <subfield code="o">543.08 S628p6</subfield>
      <subfield code="e">Compra SIUNPA</subfield>
      <subfield code="8">CG</subfield>
    </datafield>
    <datafield tag="952" ind1=" " ind2=" ">
      <subfield code="a">BIB_RECT</subfield>
      <subfield code="b">BIB_UARG</subfield>
      <subfield code="d">2012-03-27</subfield>
      <subfield code="y">BK</subfield>
      <subfield code="p">05-42163</subfield>
      <subfield code="i">05-42163</subfield>
      <subfield code="g">207</subfield>
      <subfield code="o">543.08 S628p6</subfield>
      <subfield code="e">Compra SIUNPA</subfield>
      <subfield code="8">CG</subfield>
    </datafield>
    <datafield tag="952" ind1=" " ind2=" ">
      <subfield code="a">BIB_RECT</subfield>
      <subfield code="b">BIB_UARG</subfield>
      <subfield code="d">2012-03-27</subfield>
      <subfield code="y">BK</subfield>
      <subfield code="p">05-42164</subfield>
      <subfield code="i">05-42164</subfield>
      <subfield code="g">207</subfield>
      <subfield code="o">543.08 S628p6</subfield>
      <subfield code="e">Compra SIUNPA</subfield>
      <subfield code="8">CG</subfield>
    </datafield>
    <datafield tag="952" ind1=" " ind2=" ">
      <subfield code="a">BIB_RECT</subfield>
      <subfield code="b">BIB_UARG</subfield>
      <subfield code="d">2012-03-27</subfield>
      <subfield code="y">BK</subfield>
      <subfield code="p">05-42165</subfield>
      <subfield code="i">05-42165</subfield>
      <subfield code="g">207</subfield>
      <subfield code="o">543.08 S628p6</subfield>
      <subfield code="e">Compra SIUNPA</subfield>
      <subfield code="8">CG</subfield>
    </datafield>
    <datafield tag="952" ind1=" " ind2=" ">
      <subfield code="a">BIB_RECT</subfield>
      <subfield code="b">BIB_UARG</subfield>
      <subfield code="d">2012-03-27</subfield>
      <subfield code="y">BK</subfield>
      <subfield code="p">05-42166</subfield>
      <subfield code="i">05-42166</subfield>
      <subfield code="g">207</subfield>
      <subfield code="o">543.08 S628p6</subfield>
      <subfield code="e">Compra SIUNPA</subfield>
      <subfield code="8">CG</subfield>
    </datafield>
    <datafield tag="952" ind1=" " ind2=" ">
      <subfield code="a">BIB_RECT</subfield>
      <subfield code="b">BIB_UARG</subfield>
      <subfield code="d">2012-09-06</subfield>
      <subfield code="y">BK</subfield>
      <subfield code="p">05-43050</subfield>
      <subfield code="i">05-43050</subfield>
      <subfield code="g">292</subfield>
      <subfield code="o">543.08 S628p6</subfield>
      <subfield code="e">Compra SIUNPA</subfield>
      <subfield code="8">CG</subfield>
    </datafield>
    <datafield tag="952" ind1=" " ind2=" ">
      <subfield code="a">BIB_RECT</subfield>
      <subfield code="b">BIB_UARG</subfield>
      <subfield code="d">2012-09-06</subfield>
      <subfield code="y">BK</subfield>
      <subfield code="p">05-43051</subfield>
      <subfield code="i">05-43051</subfield>
      <subfield code="g">292</subfield>
      <subfield code="o">543.08 S628p6</subfield>
      <subfield code="e">Compra SIUNPA</subfield>
      <subfield code="8">CG</subfield>
    </datafield>
    <datafield tag="952" ind1=" " ind2=" ">
      <subfield code="a">BIB_RECT</subfield>
      <subfield code="b">BIB_UARG</subfield>
      <subfield code="d">2013-08-27</subfield>
      <subfield code="y">BK</subfield>
      <subfield code="p">05-45348</subfield>
      <subfield code="i">05-45348</subfield>
      <subfield code="g">348.3</subfield>
      <subfield code="o">543.08 S628p6</subfield>
      <subfield code="e">Compra SIUNPA</subfield>
      <subfield code="8">CG</subfield>
    </datafield>
    <datafield tag="952" ind1=" " ind2=" ">
      <subfield code="a">BIB_RECT</subfield>
      <subfield code="b">BIB_UARG</subfield>
      <subfield code="d">2013-08-27</subfield>
      <subfield code="y">BK</subfield>
      <subfield code="p">05-45349</subfield>
      <subfield code="i">05-45349</subfield>
      <subfield code="g">348.3</subfield>
      <subfield code="o">543.08 S628p6</subfield>
      <subfield code="e">Compra SIUNPA</subfield>
      <subfield code="8">CG</subfield>
    </datafield>
  </record>