
  <record>
    <leader>01000aam  22002601a 4500</leader>
    <controlfield tag="001">YPZ90694</controlfield>
    <controlfield tag="003">YPZ</controlfield>
    <controlfield tag="005">200903101412590</controlfield>
    <controlfield tag="008">090310|###########||||||b||||||||||spa|d</controlfield>
    <datafield tag="040" ind1=" " ind2=" ">
      <subfield code="c">SIUNPA</subfield>
    </datafield>
    <datafield tag="041" ind1=" " ind2=" ">
      <subfield code="a">spa</subfield>
    </datafield>
    <datafield tag="044" ind1=" " ind2=" ">
      <subfield code="a">AR</subfield>
    </datafield>
    <datafield tag="080" ind1=" " ind2=" ">
      <subfield code="a">930.1 C498h</subfield>
    </datafield>
    <datafield tag="100" ind1=" " ind2=" ">
      <subfield code="a">Chaunu, Pierre.</subfield>
    </datafield>
    <datafield tag="245" ind1=" " ind2=" ">
      <subfield code="a">Historia, ciencia social</subfield>
      <subfield code="b"> : la duración, el espacio y el hombre en la época moderna</subfield>
      <subfield code="c"> / González, Isaac, tr.</subfield>
    </datafield>
    <datafield tag="260" ind1=" " ind2=" ">
      <subfield code="a">Buenos Aires</subfield>
      <subfield code="b"> : Encuentro</subfield>
      <subfield code="c"> , 1985</subfield>
    </datafield>
    <datafield tag="440" ind1=" " ind2=" ">
      <subfield code="a">Ensayo. Actualidad</subfield>
      <subfield code="a">Biblioteca Alfagrama</subfield>
      <subfield code="a">Historia argentina</subfield>
      <subfield code="a">Nudos de la Historia Argentina</subfield>
      <subfield code="a">Historia argentina</subfield>
      <subfield code="a">Paso a paso</subfield>
      <subfield code="a">Historia / Losada</subfield>
      <subfield code="a">Breve historia</subfield>
      <subfield code="a">Breve historia</subfield>
      <subfield code="a">Ensayos / Encuentro</subfield>
      <subfield code="v">14</subfield>
    </datafield>
    <datafield tag="490" ind1=" " ind2=" ">
      <subfield code="a">Ensayo. Actualidad</subfield>
      <subfield code="a">Biblioteca Alfagrama</subfield>
      <subfield code="a">Historia argentina</subfield>
      <subfield code="a">Nudos de la Historia Argentina</subfield>
      <subfield code="a">Historia argentina</subfield>
      <subfield code="a">Paso a paso</subfield>
      <subfield code="a">Historia / Losada</subfield>
      <subfield code="a">Breve historia</subfield>
      <subfield code="a">Breve historia</subfield>
      <subfield code="a">Ensayos / Encuentro</subfield>
      <subfield code="v">14</subfield>
    </datafield>
    <datafield tag="650" ind1=" " ind2=" ">
      <subfield code="a"> HISTORIA SOCIAL</subfield>
    </datafield>
    <datafield tag="942" ind1=" " ind2=" ">
      <subfield code="c">BK</subfield>
    </datafield>
    <datafield tag="952" ind1=" " ind2=" ">
      <subfield code="a">BIB_RECT</subfield>
      <subfield code="b">BIB_UASJ</subfield>
      <subfield code="d">2009-03-09</subfield>
      <subfield code="y">BK</subfield>
      <subfield code="p">04-37226</subfield>
      <subfield code="i">04-37226</subfield>
      <subfield code="g">199</subfield>
      <subfield code="o">930.1 C498h</subfield>
      <subfield code="e">Compra SIUNPA</subfield>
      <subfield code="8">CG</subfield>
    </datafield>
  </record>