
  <record>
    <leader>01000aam  22002601a 4500</leader>
    <controlfield tag="001">YPZ90721</controlfield>
    <controlfield tag="003">YPZ</controlfield>
    <controlfield tag="005">200903131146520</controlfield>
    <controlfield tag="008">090313|###########||||||b||||||||||spa|d</controlfield>
    <datafield tag="020" ind1=" " ind2=" ">
      <subfield code="a">9788497321662</subfield>
    </datafield>
    <datafield tag="040" ind1=" " ind2=" ">
      <subfield code="c">SIUNPA</subfield>
    </datafield>
    <datafield tag="041" ind1=" " ind2=" ">
      <subfield code="a">spa</subfield>
    </datafield>
    <datafield tag="044" ind1=" " ind2=" ">
      <subfield code="a">ES</subfield>
    </datafield>
    <datafield tag="080" ind1=" " ind2=" ">
      <subfield code="a">621.3 I599i2</subfield>
    </datafield>
    <datafield tag="100" ind1=" " ind2=" ">
      <subfield code="a">Pérez García, Miguel A..</subfield>
    </datafield>
    <datafield tag="700" ind1=" " ind2=" ">
      <subfield code="a">Álvarez Antón, Juan C..</subfield>
    </datafield>
    <datafield tag="700" ind1=" " ind2=" ">
      <subfield code="a">Campo Rodríguez, Juan C..</subfield>
    </datafield>
    <datafield tag="700" ind1=" " ind2=" ">
      <subfield code="a">Ferrero Martín, Francisco Javier.</subfield>
    </datafield>
    <datafield tag="700" ind1=" " ind2=" ">
      <subfield code="a">Grillo Ortega, Gustavo J..</subfield>
    </datafield>
    <datafield tag="245" ind1=" " ind2=" ">
      <subfield code="a">Instrumentación electrónica</subfield>
    </datafield>
    <datafield tag="250" ind1=" " ind2=" ">
      <subfield code="a">2a ed., 4a reimpr.</subfield>
    </datafield>
    <datafield tag="260" ind1=" " ind2=" ">
      <subfield code="a">Madrid</subfield>
      <subfield code="b"> : Thomson</subfield>
      <subfield code="c"> , 2007</subfield>
    </datafield>
    <datafield tag="300" ind1=" " ind2=" ">
      <subfield code="a">ix, 146 p. : </subfield>
      <subfield code="a">776 p. : </subfield>
      <subfield code="b">il. ; </subfield>
      <subfield code="a">v. : </subfield>
      <subfield code="a">130 p. : </subfield>
      <subfield code="b">il. ; </subfield>
      <subfield code="a">xxii, 860 p. : </subfield>
      <subfield code="b">il. ; </subfield>
      <subfield code="a">185 p. : </subfield>
      <subfield code="a">xvii, 442 p. : </subfield>
      <subfield code="b">il. ; </subfield>
      <subfield code="a">183 p. : </subfield>
      <subfield code="a">861 p. : </subfield>
      <subfield code="b">il. ; </subfield>
      <subfield code="a">556 p. : </subfield>
      <subfield code="a">734 p. : </subfield>
      <subfield code="b">il. ; </subfield>
      <subfield code="a">xvi, 545 p. : </subfield>
      <subfield code="b">il. ; </subfield>
      <subfield code="a">67 p. : </subfield>
      <subfield code="a">xvii, 862 p. : </subfield>
      <subfield code="b">il. ; </subfield>
      <subfield code="e">1 CD-ROM en bolsillo</subfield>
    </datafield>
    <datafield tag="500" ind1=" " ind2=" ">
      <subfield code="a">Contenido del CD-ROM: El CD que acompaña al libro también incluirá: Un capítulo final, a modo de resumen de todo el libro, en el que se presentan varios problemas reales con solución completa - Transparencias de clases en PowerPoint de todo el temario - Hojas de características de componentes - Programas de cálculo de libre distribución - Algunos programas de cálculo y diseño interesante - Fotografías de diversos sistemas y sensores - Direcciones de Internet interesantes</subfield>
    </datafield>
    <datafield tag="650" ind1=" " ind2=" ">
      <subfield code="a"> TECNOLOGIA ELECTRONICA</subfield>
    </datafield>
    <datafield tag="650" ind1=" " ind2=" ">
      <subfield code="a"> CIRCUITOS ELECTRICOS</subfield>
    </datafield>
    <datafield tag="942" ind1=" " ind2=" ">
      <subfield code="c">BK</subfield>
    </datafield>
    <datafield tag="952" ind1=" " ind2=" ">
      <subfield code="a">BIB_RECT</subfield>
      <subfield code="b">BIB_UARG</subfield>
      <subfield code="d">2009-03-13</subfield>
      <subfield code="y">BK</subfield>
      <subfield code="p">05-37291</subfield>
      <subfield code="i">05-37291</subfield>
      <subfield code="g">89</subfield>
      <subfield code="o">621.3 I599i2</subfield>
      <subfield code="e">PI 29/A218-1</subfield>
      <subfield code="8">CG</subfield>
    </datafield>
  </record>