
  <record>
    <leader>01000aam  22002601a 4500</leader>
    <controlfield tag="001">YPZ90734</controlfield>
    <controlfield tag="003">YPZ</controlfield>
    <controlfield tag="005">200903161035110</controlfield>
    <controlfield tag="008">090316|###########||||||b||||||||||spa|d</controlfield>
    <datafield tag="020" ind1=" " ind2=" ">
      <subfield code="a">9702212162</subfield>
    </datafield>
    <datafield tag="020" ind1=" " ind2=" ">
      <subfield code="a">9702212164</subfield>
    </datafield>
    <datafield tag="040" ind1=" " ind2=" ">
      <subfield code="c">SIUNPA</subfield>
    </datafield>
    <datafield tag="041" ind1=" " ind2=" ">
      <subfield code="a">spa</subfield>
      <subfield code="a">eng</subfield>
    </datafield>
    <datafield tag="044" ind1=" " ind2=" ">
      <subfield code="a">MX</subfield>
    </datafield>
    <datafield tag="080" ind1=" " ind2=" ">
      <subfield code="a">R(038)=111 D545d</subfield>
    </datafield>
    <datafield tag="245" ind1=" " ind2=" ">
      <subfield code="a">Diccionario concise</subfield>
      <subfield code="b"> : español-inglés, english-spanish</subfield>
      <subfield code="c"> / Álvarez, Teresa, coordinación de la obra ; Rodger, Liam, coordinación de la obra ; Gálvez, José A., redacción, ed. ; Nicholson, Kate, redacción, ed. ; Ramírez Molina, Óscar, redacción, ed. ; Ron Díaz, Elena, redacción, ed. ; Ruíz Vaca, José María, redacción, ed. ; Sadler, Alison, redacción, ed. ; White, Patrick, dir. general</subfield>
    </datafield>
    <datafield tag="250" ind1=" " ind2=" ">
      <subfield code="a">1a ed., 3a reimpr.</subfield>
    </datafield>
    <datafield tag="260" ind1=" " ind2=" ">
      <subfield code="a">México, D.F.</subfield>
      <subfield code="b"> : Larousse</subfield>
      <subfield code="c"> , 2005</subfield>
    </datafield>
    <datafield tag="300" ind1=" " ind2=" ">
      <subfield code="a">xviii, [730] en varias paginaciones : </subfield>
      <subfield code="b">il. ; </subfield>
      <subfield code="e">1 CD-ROM en bolsillo</subfield>
    </datafield>
    <datafield tag="500" ind1=" " ind2=" ">
      <subfield code="a">Subtítulo de la cubierta: Más de 170 000 traducciones</subfield>
    </datafield>
    <datafield tag="650" ind1=" " ind2=" ">
      <subfield code="a"> DICCIONARIO BILINGUE</subfield>
    </datafield>
    <datafield tag="650" ind1=" " ind2=" ">
      <subfield code="a"> ESPAÑOL</subfield>
    </datafield>
    <datafield tag="650" ind1=" " ind2=" ">
      <subfield code="a"> INGLES</subfield>
    </datafield>
    <datafield tag="942" ind1=" " ind2=" ">
      <subfield code="c">BK</subfield>
    </datafield>
    <datafield tag="952" ind1=" " ind2=" ">
      <subfield code="a">BIB_RECT</subfield>
      <subfield code="b">BIB_UARG</subfield>
      <subfield code="d">2009-03-16</subfield>
      <subfield code="y">BK</subfield>
      <subfield code="p">05-37315</subfield>
      <subfield code="i">05-37315</subfield>
      <subfield code="g">120</subfield>
      <subfield code="o">R(038)=111 D545d</subfield>
      <subfield code="e">PI 29/A144</subfield>
      <subfield code="8">CR</subfield>
    </datafield>
  </record>