
  <record>
    <leader>01000aam  22002601a 4500</leader>
    <controlfield tag="001">YPZ90772</controlfield>
    <controlfield tag="003">YPZ</controlfield>
    <controlfield tag="005">200903191630220</controlfield>
    <controlfield tag="008">090319|###########||||||b||||||||||spa|d</controlfield>
    <datafield tag="020" ind1=" " ind2=" ">
      <subfield code="a">8429170502</subfield>
    </datafield>
    <datafield tag="040" ind1=" " ind2=" ">
      <subfield code="c">SIUNPA</subfield>
    </datafield>
    <datafield tag="041" ind1=" " ind2=" ">
      <subfield code="a">spa</subfield>
    </datafield>
    <datafield tag="044" ind1=" " ind2=" ">
      <subfield code="a">ES</subfield>
    </datafield>
    <datafield tag="080" ind1=" " ind2=" ">
      <subfield code="a">531 B618f</subfield>
    </datafield>
    <datafield tag="100" ind1=" " ind2=" ">
      <subfield code="a">Bird, R. Byron.</subfield>
    </datafield>
    <datafield tag="700" ind1=" " ind2=" ">
      <subfield code="a">Stewart, Warren E..</subfield>
    </datafield>
    <datafield tag="700" ind1=" " ind2=" ">
      <subfield code="a">Lightfoot, Edwin N..</subfield>
    </datafield>
    <datafield tag="245" ind1=" " ind2=" ">
      <subfield code="a">Fenómenos de transporte</subfield>
      <subfield code="b"> : un estudio sistemático de los fundamentos del transporte de materia, energía y cantidad de movimiento</subfield>
      <subfield code="c"> / Mato Vázquez, Fidel, versión española</subfield>
    </datafield>
    <datafield tag="260" ind1=" " ind2=" ">
      <subfield code="a">Barcelona</subfield>
      <subfield code="b"> : Reverté</subfield>
      <subfield code="c"> , 1978</subfield>
    </datafield>
    <datafield tag="650" ind1=" " ind2=" ">
      <subfield code="a"> MOVIMIENTO (FISICA)</subfield>
    </datafield>
    <datafield tag="650" ind1=" " ind2=" ">
      <subfield code="a"> MECANICA DE LOS FLUIDOS</subfield>
    </datafield>
    <datafield tag="650" ind1=" " ind2=" ">
      <subfield code="a"> ENERGIA DE FLUIDOS</subfield>
    </datafield>
    <datafield tag="650" ind1=" " ind2=" ">
      <subfield code="a"> VELOCIDAD</subfield>
    </datafield>
    <datafield tag="942" ind1=" " ind2=" ">
      <subfield code="c">BK</subfield>
    </datafield>
    <datafield tag="952" ind1=" " ind2=" ">
      <subfield code="a">BIB_RECT</subfield>
      <subfield code="b">BIB_UACO</subfield>
      <subfield code="d">2009-03-19</subfield>
      <subfield code="y">BK</subfield>
      <subfield code="p">02-00540</subfield>
      <subfield code="i">02-00540</subfield>
      <subfield code="g">25</subfield>
      <subfield code="o">531 B618f</subfield>
      <subfield code="e">Donación docentes del profesorado en Mat</subfield>
      <subfield code="8">CG</subfield>
    </datafield>
  </record>