
  <record>
    <leader>01000aam  22002601a 4500</leader>
    <controlfield tag="001">YPZ90792</controlfield>
    <controlfield tag="003">YPZ</controlfield>
    <controlfield tag="005">200903231346210</controlfield>
    <controlfield tag="008">090323|###########||||||b||||||||||spa|d</controlfield>
    <datafield tag="040" ind1=" " ind2=" ">
      <subfield code="c">SIUNPA</subfield>
    </datafield>
    <datafield tag="041" ind1=" " ind2=" ">
      <subfield code="a">spa</subfield>
    </datafield>
    <datafield tag="044" ind1=" " ind2=" ">
      <subfield code="a">AR</subfield>
    </datafield>
    <datafield tag="080" ind1=" " ind2=" ">
      <subfield code="a">744.4 I597m3</subfield>
    </datafield>
    <datafield tag="110" ind1=" " ind2=" ">
      <subfield code="a">Instituto Argentino de Normalización y Certificación.</subfield>
    </datafield>
    <datafield tag="245" ind1=" " ind2=" ">
      <subfield code="a">Manual de normas IRAM de dibujo tecnológico</subfield>
    </datafield>
    <datafield tag="250" ind1=" " ind2=" ">
      <subfield code="a">3a ed.</subfield>
    </datafield>
    <datafield tag="260" ind1=" " ind2=" ">
      <subfield code="a">[Buenos Aires]</subfield>
      <subfield code="b"> : IRAM</subfield>
      <subfield code="c"> , reimpr. 2008</subfield>
    </datafield>
    <datafield tag="300" ind1=" " ind2=" ">
      <subfield code="a">xviii, 656 p. : </subfield>
      <subfield code="b">il. ; </subfield>
      <subfield code="a">xviii, 874 p. : </subfield>
      <subfield code="b">il. ; </subfield>
      <subfield code="a">221 p. : </subfield>
      <subfield code="a">366 p. : </subfield>
      <subfield code="b">cuadros ; </subfield>
      <subfield code="a">249 p. : </subfield>
      <subfield code="b">il. ; </subfield>
      <subfield code="a">684 p. : </subfield>
      <subfield code="b">il. ; </subfield>
      <subfield code="a">il. : </subfield>
      <subfield code="a">336 p. : </subfield>
      <subfield code="b">il. ; </subfield>
      <subfield code="a">xiv, 564 p. : </subfield>
      <subfield code="b">il. ; </subfield>
      <subfield code="a">576 p. : </subfield>
      <subfield code="b">il. ; </subfield>
      <subfield code="a">xix, [863] p. en varias paginaciones : </subfield>
      <subfield code="b">il. ; </subfield>
      <subfield code="a">912 p. : </subfield>
      <subfield code="b">il. ; </subfield>
      <subfield code="a">viii, [221] p. en varias paginaciones : </subfield>
      <subfield code="b">il. ; </subfield>
      <subfield code="a">xviii, 731 p. : </subfield>
      <subfield code="b">il. ; </subfield>
      <subfield code="a">xvi, 524 p. : </subfield>
      <subfield code="b">il. ; </subfield>
      <subfield code="a">652 p. : </subfield>
      <subfield code="a">xi, 105 p. : </subfield>
      <subfield code="a">ixi, 251 p. : </subfield>
      <subfield code="b">il. ; </subfield>
      <subfield code="a">2 v. : </subfield>
      <subfield code="b">il. ; </subfield>
      <subfield code="a">292 p. : </subfield>
      <subfield code="b">il. ; </subfield>
      <subfield code="a">viii, 373 p. : </subfield>
      <subfield code="b">il. ; </subfield>
      <subfield code="a">viii, 278 p. : </subfield>
      <subfield code="b">il. ; </subfield>
      <subfield code="a">[215] p. en varias paginaciones : </subfield>
      <subfield code="b">il. ; </subfield>
      <subfield code="a">280 p. : </subfield>
      <subfield code="b">il. ; </subfield>
      <subfield code="a">282 p. : </subfield>
      <subfield code="a">210 p. : </subfield>
      <subfield code="a">221 p. : </subfield>
      <subfield code="a">177 p. : </subfield>
      <subfield code="b">il. ; </subfield>
      <subfield code="a">362 p. : </subfield>
      <subfield code="b">il. ; </subfield>
      <subfield code="e">1 folleto (11 p.)</subfield>
    </datafield>
    <datafield tag="500" ind1=" " ind2=" ">
      <subfield code="a">Incluye: Dibujo tecnológico: rótulo del plano y lista de despiece</subfield>
    </datafield>
    <datafield tag="500" ind1=" " ind2=" ">
      <subfield code="a">Corresponde a la revisión de la segunda edición, a la que esta tercera edición reemplaza</subfield>
    </datafield>
    <datafield tag="650" ind1=" " ind2=" ">
      <subfield code="a"> NORMA IRAM 4501</subfield>
    </datafield>
    <datafield tag="650" ind1=" " ind2=" ">
      <subfield code="a"> NORMA IRAM 4502</subfield>
    </datafield>
    <datafield tag="650" ind1=" " ind2=" ">
      <subfield code="a"> NORMA IRAM 4508</subfield>
    </datafield>
    <datafield tag="650" ind1=" " ind2=" ">
      <subfield code="a"> DIBUJO TECNICO</subfield>
    </datafield>
    <datafield tag="942" ind1=" " ind2=" ">
      <subfield code="c">BK</subfield>
    </datafield>
    <datafield tag="952" ind1=" " ind2=" ">
      <subfield code="a">BIB_RECT</subfield>
      <subfield code="b">BIB_UACO</subfield>
      <subfield code="d">2009-03-23</subfield>
      <subfield code="y">BK</subfield>
      <subfield code="p">02-37375</subfield>
      <subfield code="i">02-37375</subfield>
      <subfield code="g">50</subfield>
      <subfield code="o">744.4 I597m3</subfield>
      <subfield code="e">Compra UACO</subfield>
      <subfield code="8">CG</subfield>
    </datafield>
    <datafield tag="952" ind1=" " ind2=" ">
      <subfield code="a">BIB_RECT</subfield>
      <subfield code="b">BIB_UACO</subfield>
      <subfield code="d">2009-03-23</subfield>
      <subfield code="y">BK</subfield>
      <subfield code="p">02-37376</subfield>
      <subfield code="i">02-37376</subfield>
      <subfield code="g">50</subfield>
      <subfield code="o">744.4 I597m3</subfield>
      <subfield code="e">Compra UACO</subfield>
      <subfield code="8">CG</subfield>
    </datafield>
  </record>