
  <record>
    <leader>01000aam  22002601a 4500</leader>
    <controlfield tag="001">YPZ90816</controlfield>
    <controlfield tag="003">YPZ</controlfield>
    <controlfield tag="005">200903251434570</controlfield>
    <controlfield tag="008">090325|###########||||||b||||||||||spa|d</controlfield>
    <datafield tag="040" ind1=" " ind2=" ">
      <subfield code="c">SIUNPA</subfield>
    </datafield>
    <datafield tag="041" ind1=" " ind2=" ">
      <subfield code="a">spa</subfield>
    </datafield>
    <datafield tag="044" ind1=" " ind2=" ">
      <subfield code="a">AR</subfield>
    </datafield>
    <datafield tag="080" ind1=" " ind2=" ">
      <subfield code="a">821.134.2(82) S246f</subfield>
    </datafield>
    <datafield tag="100" ind1=" " ind2=" ">
      <subfield code="a">Sarmiento, Domingo Faustino.</subfield>
    </datafield>
    <datafield tag="245" ind1=" " ind2=" ">
      <subfield code="a">Facundo</subfield>
    </datafield>
    <datafield tag="260" ind1=" " ind2=" ">
      <subfield code="a">Buenos Aires</subfield>
      <subfield code="b"> : Centro Editor de América Latina</subfield>
      <subfield code="c"> , 1973</subfield>
    </datafield>
    <datafield tag="440" ind1=" " ind2=" ">
      <subfield code="a">Capítulo. Biblioteca argentina fundamental</subfield>
      <subfield code="a">Biblioteca fundamental del hombre moderno</subfield>
      <subfield code="v">96</subfield>
    </datafield>
    <datafield tag="490" ind1=" " ind2=" ">
      <subfield code="a">Capítulo. Biblioteca argentina fundamental</subfield>
      <subfield code="a">Biblioteca fundamental del hombre moderno</subfield>
      <subfield code="v">96</subfield>
    </datafield>
    <datafield tag="650" ind1=" " ind2=" ">
      <subfield code="a"> GUERRA CIVIL</subfield>
    </datafield>
    <datafield tag="650" ind1=" " ind2=" ">
      <subfield code="a"> QUIROGA, JUAN FACUNDO (1793</subfield>
    </datafield>
    <datafield tag="650" ind1=" " ind2=" ">
      <subfield code="a">1835)</subfield>
    </datafield>
    <datafield tag="650" ind1=" " ind2=" ">
      <subfield code="a"> HISTORIA ARGENTINA</subfield>
    </datafield>
    <datafield tag="650" ind1=" " ind2=" ">
      <subfield code="a"> LITERATURA ARGENTINA</subfield>
    </datafield>
    <datafield tag="942" ind1=" " ind2=" ">
      <subfield code="c">BK</subfield>
    </datafield>
    <datafield tag="952" ind1=" " ind2=" ">
      <subfield code="a">BIB_RECT</subfield>
      <subfield code="b">BIB_UARG</subfield>
      <subfield code="d">2009-03-25</subfield>
      <subfield code="y">BK</subfield>
      <subfield code="p">05-03396</subfield>
      <subfield code="i">05-03396</subfield>
      <subfield code="g">29</subfield>
      <subfield code="o">821.134.2(82) S246f</subfield>
      <subfield code="e">Pataro Conte, A.</subfield>
      <subfield code="8">CG</subfield>
    </datafield>
  </record>