
  <record>
    <leader>01000aam  22002601a 4500</leader>
    <controlfield tag="001">YPZ90830</controlfield>
    <controlfield tag="003">YPZ</controlfield>
    <controlfield tag="005">200903251653310</controlfield>
    <controlfield tag="008">090325|###########||||||b||||||||||spa|d</controlfield>
    <datafield tag="020" ind1=" " ind2=" ">
      <subfield code="a">9508022477</subfield>
    </datafield>
    <datafield tag="020" ind1=" " ind2=" ">
      <subfield code="a">9789508022479</subfield>
    </datafield>
    <datafield tag="040" ind1=" " ind2=" ">
      <subfield code="c">SIUNPA</subfield>
    </datafield>
    <datafield tag="041" ind1=" " ind2=" ">
      <subfield code="a">spa</subfield>
    </datafield>
    <datafield tag="044" ind1=" " ind2=" ">
      <subfield code="a">AR</subfield>
    </datafield>
    <datafield tag="080" ind1=" " ind2=" ">
      <subfield code="a">364.442.2 T782d</subfield>
    </datafield>
    <datafield tag="100" ind1=" " ind2=" ">
      <subfield code="a">Travi, Bibiana.</subfield>
    </datafield>
    <datafield tag="245" ind1=" " ind2=" ">
      <subfield code="a">La dimensión técnico-instrumental en Trabajo Social</subfield>
      <subfield code="b"> : reflexiones y propuestas acerca de la entrevista, el registro y el informe social</subfield>
    </datafield>
    <datafield tag="250" ind1=" " ind2=" ">
      <subfield code="a">1a ed.</subfield>
    </datafield>
    <datafield tag="260" ind1=" " ind2=" ">
      <subfield code="a">Buenos Aires</subfield>
      <subfield code="b"> : Espacio</subfield>
      <subfield code="c"> , 2006</subfield>
    </datafield>
    <datafield tag="650" ind1=" " ind2=" ">
      <subfield code="a"> TRABAJO SOCIAL</subfield>
    </datafield>
    <datafield tag="650" ind1=" " ind2=" ">
      <subfield code="a"> ENTREVISTAS</subfield>
    </datafield>
    <datafield tag="650" ind1=" " ind2=" ">
      <subfield code="a"> TRABAJADOR SOCIAL</subfield>
    </datafield>
    <datafield tag="942" ind1=" " ind2=" ">
      <subfield code="c">BK</subfield>
    </datafield>
    <datafield tag="952" ind1=" " ind2=" ">
      <subfield code="a">BIB_RECT</subfield>
      <subfield code="b">BIB_UART</subfield>
      <subfield code="d">2009-03-17</subfield>
      <subfield code="y">BK</subfield>
      <subfield code="p">03-37061</subfield>
      <subfield code="i">03-37061</subfield>
      <subfield code="g">33.6</subfield>
      <subfield code="o">364.442.2 T782d</subfield>
      <subfield code="e">Compra SIUNPA</subfield>
      <subfield code="8">CG</subfield>
    </datafield>
    <datafield tag="952" ind1=" " ind2=" ">
      <subfield code="a">BIB_RECT</subfield>
      <subfield code="b">BIB_UASJ</subfield>
      <subfield code="d">2012-03-27</subfield>
      <subfield code="y">BK</subfield>
      <subfield code="p">04-42143</subfield>
      <subfield code="i">04-42143</subfield>
      <subfield code="g">54.5</subfield>
      <subfield code="o">364.442.2 T782d</subfield>
      <subfield code="e">Compra SIUNPA</subfield>
      <subfield code="8">CG</subfield>
    </datafield>
    <datafield tag="952" ind1=" " ind2=" ">
      <subfield code="a">BIB_RECT</subfield>
      <subfield code="b">BIB_UARG</subfield>
      <subfield code="d">2010-11-17</subfield>
      <subfield code="y">BK</subfield>
      <subfield code="p">05-40399</subfield>
      <subfield code="i">05-40399</subfield>
      <subfield code="g">68</subfield>
      <subfield code="o">364.442.2 T782d</subfield>
      <subfield code="e">PI 29A/251</subfield>
      <subfield code="8">CG</subfield>
    </datafield>
  </record>