
  <record>
    <leader>01000aam  22002601a 4500</leader>
    <controlfield tag="001">YPZ90832</controlfield>
    <controlfield tag="003">YPZ</controlfield>
    <controlfield tag="005">200903261224300</controlfield>
    <controlfield tag="008">090326|###########||||||b||||||||||spa|d</controlfield>
    <datafield tag="020" ind1=" " ind2=" ">
      <subfield code="a">9872096562</subfield>
    </datafield>
    <datafield tag="040" ind1=" " ind2=" ">
      <subfield code="c">SIUNPA</subfield>
    </datafield>
    <datafield tag="041" ind1=" " ind2=" ">
      <subfield code="a">spa</subfield>
    </datafield>
    <datafield tag="044" ind1=" " ind2=" ">
      <subfield code="a">AR</subfield>
    </datafield>
    <datafield tag="080" ind1=" " ind2=" ">
      <subfield code="a">821.134.2(82) R131j</subfield>
    </datafield>
    <datafield tag="100" ind1=" " ind2=" ">
      <subfield code="a">Radó, María.</subfield>
    </datafield>
    <datafield tag="245" ind1=" " ind2=" ">
      <subfield code="a">Jirones</subfield>
      <subfield code="b"> : viajes al pasado y al futuro</subfield>
      <subfield code="c"> / Cantoni, Andrea, lectura de los cuentos en CD ; Osiris, Ariel, lectura de los cuentos en CD ; Miranda, Omar, técnico de grabación</subfield>
    </datafield>
    <datafield tag="260" ind1=" " ind2=" ">
      <subfield code="a">Buenos Aires</subfield>
      <subfield code="b"> : El Narrador</subfield>
      <subfield code="c"> , 2004</subfield>
    </datafield>
    <datafield tag="300" ind1=" " ind2=" ">
      <subfield code="a">xi, 159 p. : </subfield>
      <subfield code="b">il. ; </subfield>
      <subfield code="a">xiv, 146 p. : </subfield>
      <subfield code="b">il. ; </subfield>
      <subfield code="a">522 p. : </subfield>
      <subfield code="a">270 p. : </subfield>
      <subfield code="a">304 p. : </subfield>
      <subfield code="a">278 p. : </subfield>
      <subfield code="a">333 p. : </subfield>
      <subfield code="a">229 p. : </subfield>
      <subfield code="a">252 p. : </subfield>
      <subfield code="a">285 p. : </subfield>
      <subfield code="a">31 p. : </subfield>
      <subfield code="b">il. ; </subfield>
      <subfield code="a">126 p. : </subfield>
      <subfield code="a">235 p. : </subfield>
      <subfield code="a">v. : </subfield>
      <subfield code="b">il. ; </subfield>
      <subfield code="a">293 p. : </subfield>
      <subfield code="a">76 p. : </subfield>
      <subfield code="a">237 p. : </subfield>
      <subfield code="a">237 p. : </subfield>
      <subfield code="a">297 p. : </subfield>
      <subfield code="a">262 p. : </subfield>
      <subfield code="a">348 p. : </subfield>
      <subfield code="a">v. : </subfield>
      <subfield code="a">114 p. : </subfield>
      <subfield code="a">195 p. : </subfield>
      <subfield code="a">304 p. : </subfield>
      <subfield code="a">261 p. : </subfield>
      <subfield code="a">2 v. : </subfield>
      <subfield code="a">169 p. : </subfield>
      <subfield code="a">2 v. : </subfield>
      <subfield code="a">299 p. : </subfield>
      <subfield code="a">189 p. : </subfield>
      <subfield code="a">241 p. : </subfield>
      <subfield code="a">203 p. : </subfield>
      <subfield code="b">il. ; </subfield>
      <subfield code="a">109 p. : </subfield>
      <subfield code="a">126 p. : </subfield>
      <subfield code="a">175 p. : </subfield>
      <subfield code="a">147 p. : </subfield>
      <subfield code="a">212 p. : </subfield>
      <subfield code="a">166 p. : </subfield>
      <subfield code="a">78 p. : </subfield>
      <subfield code="e">1 CD-ROM en bolsillo</subfield>
    </datafield>
    <datafield tag="500" ind1=" " ind2=" ">
      <subfield code="a">Contenido del CD-ROM: 1-2. Presentación y prefacio (0:47) -- 3. Jirones (15:56) -- 4. Manos invisibles (15:56) -- 5. El egipcio (13:53) -- 6. Cero Kelving parking place (32:59)</subfield>
    </datafield>
    <datafield tag="650" ind1=" " ind2=" ">
      <subfield code="a"> LITERATURA ARGENTINA</subfield>
    </datafield>
    <datafield tag="650" ind1=" " ind2=" ">
      <subfield code="a"> CUENTO</subfield>
    </datafield>
    <datafield tag="942" ind1=" " ind2=" ">
      <subfield code="c">BK</subfield>
    </datafield>
    <datafield tag="952" ind1=" " ind2=" ">
      <subfield code="a">BIB_RECT</subfield>
      <subfield code="b">BIB_UACO</subfield>
      <subfield code="d">2009-03-23</subfield>
      <subfield code="y">BK</subfield>
      <subfield code="p">02-37388</subfield>
      <subfield code="i">02-37388</subfield>
      <subfield code="g">23</subfield>
      <subfield code="o">821.134.2(82) R131j</subfield>
      <subfield code="e">Donación edit. El Narrador</subfield>
      <subfield code="8">CG</subfield>
    </datafield>
  </record>