
  <record>
    <leader>01000aam  22002601a 4500</leader>
    <controlfield tag="001">YPZ90839</controlfield>
    <controlfield tag="003">YPZ</controlfield>
    <controlfield tag="005">200903261347060</controlfield>
    <controlfield tag="008">090326|###########||||||b||||||||||spa|d</controlfield>
    <datafield tag="020" ind1=" " ind2=" ">
      <subfield code="a">8437040418</subfield>
    </datafield>
    <datafield tag="040" ind1=" " ind2=" ">
      <subfield code="c">SIUNPA</subfield>
    </datafield>
    <datafield tag="041" ind1=" " ind2=" ">
      <subfield code="a">spa</subfield>
    </datafield>
    <datafield tag="044" ind1=" " ind2=" ">
      <subfield code="a">ES</subfield>
    </datafield>
    <datafield tag="080" ind1=" " ind2=" ">
      <subfield code="a">37.014 L431e</subfield>
    </datafield>
    <datafield tag="100" ind1=" " ind2=" ">
      <subfield code="a">Lázaro Lorente, Luis Miguel.</subfield>
    </datafield>
    <datafield tag="700" ind1=" " ind2=" ">
      <subfield code="a">Martínez Usarralde, María Jesús.</subfield>
    </datafield>
    <datafield tag="245" ind1=" " ind2=" ">
      <subfield code="a">Educación, empleo y formación profesional en la Unión Europea</subfield>
    </datafield>
    <datafield tag="260" ind1=" " ind2=" ">
      <subfield code="a">Valencia</subfield>
      <subfield code="b"> : Universitat de València</subfield>
      <subfield code="c"> , 1999</subfield>
    </datafield>
    <datafield tag="440" ind1=" " ind2=" ">
      <subfield code="a">Colección Ciencias Sociales / Espacio</subfield>
      <subfield code="a">Colección el libro hablado</subfield>
      <subfield code="a">El libro argentino</subfield>
      <subfield code="a">Fondo editorial de derecho y economía</subfield>
      <subfield code="a">Colección el libro hablado</subfield>
      <subfield code="a">Colección el libro hablado</subfield>
      <subfield code="a">Cuadernos del departamento de Educación Comparada e Historia de la Educación</subfield>
      <subfield code="v">no. 41</subfield>
    </datafield>
    <datafield tag="490" ind1=" " ind2=" ">
      <subfield code="a">Colección Ciencias Sociales / Espacio</subfield>
      <subfield code="a">Colección el libro hablado</subfield>
      <subfield code="a">El libro argentino</subfield>
      <subfield code="a">Fondo editorial de derecho y economía</subfield>
      <subfield code="a">Colección el libro hablado</subfield>
      <subfield code="a">Colección el libro hablado</subfield>
      <subfield code="a">Cuadernos del departamento de Educación Comparada e Historia de la Educación</subfield>
      <subfield code="v">no. 41</subfield>
    </datafield>
    <datafield tag="650" ind1=" " ind2=" ">
      <subfield code="a"> POLITICAS DE EDUCACION</subfield>
    </datafield>
    <datafield tag="650" ind1=" " ind2=" ">
      <subfield code="a"> FORMACION PROFESIONAL</subfield>
    </datafield>
    <datafield tag="650" ind1=" " ind2=" ">
      <subfield code="a"> MERCADO LABORAL</subfield>
    </datafield>
    <datafield tag="650" ind1=" " ind2=" ">
      <subfield code="a"> EMPLEO</subfield>
    </datafield>
    <datafield tag="650" ind1=" " ind2=" ">
      <subfield code="a"> UNION EUROPEA</subfield>
    </datafield>
    <datafield tag="942" ind1=" " ind2=" ">
      <subfield code="c">BK</subfield>
    </datafield>
    <datafield tag="952" ind1=" " ind2=" ">
      <subfield code="a">BIB_RECT</subfield>
      <subfield code="b">BIB_UACO</subfield>
      <subfield code="d">2009-03-23</subfield>
      <subfield code="y">BK</subfield>
      <subfield code="p">02-37379</subfield>
      <subfield code="i">02-37379</subfield>
      <subfield code="g">35</subfield>
      <subfield code="o">37.014 L431e</subfield>
      <subfield code="e">Donación Martínez Usarralde, María Jesús</subfield>
      <subfield code="8">CG</subfield>
    </datafield>
  </record>