
  <record>
    <leader>01000aam  22002601a 4500</leader>
    <controlfield tag="001">YPZ90845</controlfield>
    <controlfield tag="003">YPZ</controlfield>
    <controlfield tag="005">200903261436130</controlfield>
    <controlfield tag="008">090326|###########||||||b||||||||||spa|d</controlfield>
    <datafield tag="020" ind1=" " ind2=" ">
      <subfield code="a">9872096597</subfield>
    </datafield>
    <datafield tag="040" ind1=" " ind2=" ">
      <subfield code="c">SIUNPA</subfield>
    </datafield>
    <datafield tag="041" ind1=" " ind2=" ">
      <subfield code="a">spa</subfield>
    </datafield>
    <datafield tag="044" ind1=" " ind2=" ">
      <subfield code="a">AR</subfield>
    </datafield>
    <datafield tag="080" ind1=" " ind2=" ">
      <subfield code="a">821.134.2(82) R131e</subfield>
    </datafield>
    <datafield tag="100" ind1=" " ind2=" ">
      <subfield code="a">Radó, María.</subfield>
    </datafield>
    <datafield tag="245" ind1=" " ind2=" ">
      <subfield code="a">Entre dos mundos</subfield>
      <subfield code="b"> : historia de un viaje y estrofas del destierro</subfield>
      <subfield code="c"> / Cantoni, Andrea, lectura de los cuentos en CD ; Osiris, Ariel, lectura de los cuentos en CD ; Miranda, Omar, técnico de grabación</subfield>
    </datafield>
    <datafield tag="260" ind1=" " ind2=" ">
      <subfield code="a">Buenos Aires</subfield>
      <subfield code="b"> : El Narrador</subfield>
      <subfield code="c"> , 2004</subfield>
    </datafield>
    <datafield tag="300" ind1=" " ind2=" ">
      <subfield code="a">137 p. : </subfield>
      <subfield code="a">156 p. : </subfield>
      <subfield code="a">74 p. : </subfield>
      <subfield code="e">1 CD-ROM en bolsillo</subfield>
    </datafield>
    <datafield tag="500" ind1=" " ind2=" ">
      <subfield code="a">Contenido del CD-ROM: 1. Título (0:13) -- 2. Primer día (28:58) -- 3. Segundo día (19:33) -- 4. Tercer día (10:09) -- 5. Estrofas del destierro (6:57)</subfield>
    </datafield>
    <datafield tag="650" ind1=" " ind2=" ">
      <subfield code="a"> LITERATURA ARGENTINA</subfield>
    </datafield>
    <datafield tag="650" ind1=" " ind2=" ">
      <subfield code="a"> CUENTO</subfield>
    </datafield>
    <datafield tag="942" ind1=" " ind2=" ">
      <subfield code="c">BK</subfield>
    </datafield>
    <datafield tag="952" ind1=" " ind2=" ">
      <subfield code="a">BIB_RECT</subfield>
      <subfield code="b">BIB_UACO</subfield>
      <subfield code="d">2009-03-23</subfield>
      <subfield code="y">BK</subfield>
      <subfield code="p">02-37384</subfield>
      <subfield code="i">02-37384</subfield>
      <subfield code="g">23</subfield>
      <subfield code="o">821.134.2(82) R131e</subfield>
      <subfield code="e">Donación edit. El Narrador</subfield>
      <subfield code="8">CG</subfield>
    </datafield>
  </record>