
  <record>
    <leader>01000aam  22002601a 4500</leader>
    <controlfield tag="001">YPZ90846</controlfield>
    <controlfield tag="003">YPZ</controlfield>
    <controlfield tag="005">200903261456330</controlfield>
    <controlfield tag="008">090326|###########||||||b||||||||||spa|d</controlfield>
    <datafield tag="020" ind1=" " ind2=" ">
      <subfield code="a">9872198713</subfield>
    </datafield>
    <datafield tag="040" ind1=" " ind2=" ">
      <subfield code="c">SIUNPA</subfield>
    </datafield>
    <datafield tag="041" ind1=" " ind2=" ">
      <subfield code="a">spa</subfield>
    </datafield>
    <datafield tag="044" ind1=" " ind2=" ">
      <subfield code="a">AR</subfield>
    </datafield>
    <datafield tag="080" ind1=" " ind2=" ">
      <subfield code="a">821.134.2(82) L791m</subfield>
    </datafield>
    <datafield tag="100" ind1=" " ind2=" ">
      <subfield code="a">Llinás, Julio.</subfield>
    </datafield>
    <datafield tag="245" ind1=" " ind2=" ">
      <subfield code="a">La mojarrita y el pez</subfield>
      <subfield code="b"> : cuentos para grandes y chicos</subfield>
      <subfield code="c"> / Cantoni, Andrea, lectura de los cuentos en CD ; Osiris, Ariel, lectura de los cuentos en CD ; Radó, María, lectura de los cuentos en CD ; Ramírez, Myriam, lectura de los cuentos en CD ; Souza, Augusto, lectura de los cuentos en CD ; Wehbe, Pablo, técnico de grabación</subfield>
    </datafield>
    <datafield tag="260" ind1=" " ind2=" ">
      <subfield code="a">Buenos Aires</subfield>
      <subfield code="b"> : El Narrador</subfield>
      <subfield code="c"> , 2005</subfield>
    </datafield>
    <datafield tag="300" ind1=" " ind2=" ">
      <subfield code="a">89 p. : </subfield>
      <subfield code="e">1 CD-ROM en bolsillo</subfield>
    </datafield>
    <datafield tag="500" ind1=" " ind2=" ">
      <subfield code="a">Contenido del CD-ROM: 1. La mojarrita y el pez -- 2. El sapo Ludovico -- 3. La casa -- 4. La vida -- 5. El cocodrilo Ramírez -- 6. El pajarillo del país de los sordos -- 7. Gorosito el burro -- 8. Las pulgas de Tom -- La princesa Urbina -- 10. El extraño caso del señor Jeremías Porridge -- 11. Fantasmas -- 12. La cucaracha Zapata -- 13. La gata peluda -- 14. Dinero -- 15. Un hombre muy bueno -- 16. La colmena -- 17. La vaca -- 18. El camello rubio -- 19. Científicos -- 20. El topo Robinson -- 21. Las señoritas del Aviñon -- 22. Dinosaurios -- 23. Monstruos -- 24. Bomberos -- 25. Caballitos de mar -- 26. El unicornio -- 27. El niño minotauro -- 28. Los comisarios -- 29. Pacifistas -- 30. Mascota -- 31. El heliotropo -- 32. El baile de los elefantes -- 33. Astronautas -- 34. El conejo Luis Fernández -- 35. La presidente -- 36. El ogro Nicola -- 37. Un partido de fútbol</subfield>
    </datafield>
    <datafield tag="650" ind1=" " ind2=" ">
      <subfield code="a"> LITERATURA ARGENTINA</subfield>
    </datafield>
    <datafield tag="650" ind1=" " ind2=" ">
      <subfield code="a"> CUENTO</subfield>
    </datafield>
    <datafield tag="942" ind1=" " ind2=" ">
      <subfield code="c">BK</subfield>
    </datafield>
    <datafield tag="952" ind1=" " ind2=" ">
      <subfield code="a">BIB_RECT</subfield>
      <subfield code="b">BIB_UACO</subfield>
      <subfield code="d">2009-03-23</subfield>
      <subfield code="y">BK</subfield>
      <subfield code="p">02-37387</subfield>
      <subfield code="i">02-37387</subfield>
      <subfield code="g">15</subfield>
      <subfield code="o">821.134.2(82) L791m</subfield>
      <subfield code="e">Donación edit. El Narrador</subfield>
      <subfield code="8">CG</subfield>
    </datafield>
  </record>