
  <record>
    <leader>01000aam  22002601a 4500</leader>
    <controlfield tag="001">YPZ90847</controlfield>
    <controlfield tag="003">YPZ</controlfield>
    <controlfield tag="005">200903271035160</controlfield>
    <controlfield tag="008">090327|###########||||||b||||||||||spa|d</controlfield>
    <datafield tag="020" ind1=" " ind2=" ">
      <subfield code="a">9872198705</subfield>
    </datafield>
    <datafield tag="040" ind1=" " ind2=" ">
      <subfield code="c">SIUNPA</subfield>
    </datafield>
    <datafield tag="041" ind1=" " ind2=" ">
      <subfield code="a">spa</subfield>
    </datafield>
    <datafield tag="044" ind1=" " ind2=" ">
      <subfield code="a">AR</subfield>
    </datafield>
    <datafield tag="080" ind1=" " ind2=" ">
      <subfield code="a">821.134.2(82) G922a</subfield>
    </datafield>
    <datafield tag="100" ind1=" " ind2=" ">
      <subfield code="a">Gudiño Kieffer, Eduardo.</subfield>
    </datafield>
    <datafield tag="245" ind1=" " ind2=" ">
      <subfield code="a">Azazel</subfield>
      <subfield code="c"> / Franco, Marcelo, operador de sonido ; Wehbe, Pablo, técnico de sonido</subfield>
    </datafield>
    <datafield tag="260" ind1=" " ind2=" ">
      <subfield code="a">Buenos Aires</subfield>
      <subfield code="b"> : El Narrador</subfield>
      <subfield code="c"> , 2005</subfield>
    </datafield>
    <datafield tag="300" ind1=" " ind2=" ">
      <subfield code="a">158 p. : </subfield>
      <subfield code="e">2 CD-ROM en bolsillo</subfield>
    </datafield>
    <datafield tag="500" ind1=" " ind2=" ">
      <subfield code="a">Contenido del CD-ROM: CD.1. escenas I a XI - Personajes (por orden de aparición: relator: Claudio Ortega -  Luisa: Andrea Cantoni - Caballero: Ariel Osiris - Francisca: Beatriz Dellacasa - Padre: Carlos Ameijeiras - Madre: Miriam Ramírez - Sacerdotes: Guido D'Albo - Juez: Carlos Romero Franco - Tusaperros: Augustos Souza -- CD.2. escenas XII a XIX - Personajes (por orden de aparición: relator: Claudio Ortega - Luisa: Andrea Cantoni - Caballero: Ariel Osiris - Francisca: Beatriz Dellacasa - Padre: Carlos Ameijeiras - Madre: Miriam Ramírez - Sacerdotes: Guido D'Albo - Juez: Carlos Romero Franco - Tusaperros: Augustos Souza</subfield>
    </datafield>
    <datafield tag="650" ind1=" " ind2=" ">
      <subfield code="a"> LITERATURA ARGENTINA</subfield>
    </datafield>
    <datafield tag="650" ind1=" " ind2=" ">
      <subfield code="a"> TEATRO ARGENTINO</subfield>
    </datafield>
    <datafield tag="942" ind1=" " ind2=" ">
      <subfield code="c">BK</subfield>
    </datafield>
    <datafield tag="952" ind1=" " ind2=" ">
      <subfield code="a">BIB_RECT</subfield>
      <subfield code="b">BIB_UACO</subfield>
      <subfield code="d">2009-03-27</subfield>
      <subfield code="y">BK</subfield>
      <subfield code="p">02-37383</subfield>
      <subfield code="i">02-37383</subfield>
      <subfield code="g">36</subfield>
      <subfield code="o">821.134.2(82) G922a</subfield>
      <subfield code="e">Donación edit. El Narrador</subfield>
      <subfield code="8">CG</subfield>
    </datafield>
    <datafield tag="952" ind1=" " ind2=" ">
      <subfield code="a">BIB_RECT</subfield>
      <subfield code="b">BIB_UARG</subfield>
      <subfield code="d">2011-08-17</subfield>
      <subfield code="y">BK</subfield>
      <subfield code="p">05-41262</subfield>
      <subfield code="i">05-41262</subfield>
      <subfield code="g">45</subfield>
      <subfield code="o">821.134.2(82) G922a</subfield>
      <subfield code="e">Donación/11</subfield>
      <subfield code="8">CG</subfield>
    </datafield>
  </record>