
  <record>
    <leader>01000aam  22002601a 4500</leader>
    <controlfield tag="001">YPZ90856</controlfield>
    <controlfield tag="003">YPZ</controlfield>
    <controlfield tag="005">200903301329580</controlfield>
    <controlfield tag="008">090330|###########||||||b||||||||||spa|d</controlfield>
    <datafield tag="020" ind1=" " ind2=" ">
      <subfield code="a">9789875088962 (v.1)</subfield>
    </datafield>
    <datafield tag="020" ind1=" " ind2=" ">
      <subfield code="a">9789875088979 (v.2)</subfield>
    </datafield>
    <datafield tag="040" ind1=" " ind2=" ">
      <subfield code="c">SIUNPA</subfield>
    </datafield>
    <datafield tag="041" ind1=" " ind2=" ">
      <subfield code="a">spa</subfield>
    </datafield>
    <datafield tag="044" ind1=" " ind2=" ">
      <subfield code="a">AR</subfield>
    </datafield>
    <datafield tag="080" ind1=" " ind2=" ">
      <subfield code="a">657.47 C749a 30</subfield>
    </datafield>
    <datafield tag="110" ind1=" " ind2=" ">
      <subfield code="a">Congreso Argentino de Profesores Universitarios de Costos (30 : 2007 : Santa Fe).</subfield>
    </datafield>
    <datafield tag="245" ind1=" " ind2=" ">
      <subfield code="a">XXX Congreso argentino de profesores universitarios de costos</subfield>
      <subfield code="c"> / Universidad Nacional del Litoral, organizador ; Instituto Argentino de Profesores Universitarios de Costos, IAPUCO, organizador</subfield>
    </datafield>
    <datafield tag="260" ind1=" " ind2=" ">
      <subfield code="a">Santa Fe</subfield>
      <subfield code="b"> : Instituto Argentino de Profesores Universitarios de Costos, IAPUCO</subfield>
      <subfield code="b"> : Facultad de Ciencias Económicas, Universidad Nacional del Litoral</subfield>
      <subfield code="c"> , 2007</subfield>
    </datafield>
    <datafield tag="650" ind1=" " ind2=" ">
      <subfield code="a"> TOMA DE DESICIONES</subfield>
    </datafield>
    <datafield tag="650" ind1=" " ind2=" ">
      <subfield code="a"> GESTION DE COSTES</subfield>
    </datafield>
    <datafield tag="650" ind1=" " ind2=" ">
      <subfield code="a"> CONTABILIDAD ANALITICA</subfield>
    </datafield>
    <datafield tag="650" ind1=" " ind2=" ">
      <subfield code="a"> ENSEÑANZA DE LA CONTABILIDAD</subfield>
    </datafield>
    <datafield tag="942" ind1=" " ind2=" ">
      <subfield code="c">BK</subfield>
    </datafield>
    <datafield tag="952" ind1=" " ind2=" ">
      <subfield code="a">BIB_RECT</subfield>
      <subfield code="b">BIB_UACO</subfield>
      <subfield code="d">2009-03-30</subfield>
      <subfield code="y">BK</subfield>
      <subfield code="p">02-37400</subfield>
      <subfield code="i">02-37400</subfield>
      <subfield code="g">32</subfield>
      <subfield code="o">657.47 C749a 30</subfield>
      <subfield code="e">Donación Nieto, Jorge José</subfield>
      <subfield code="8">CG</subfield>
    </datafield>
    <datafield tag="952" ind1=" " ind2=" ">
      <subfield code="a">BIB_RECT</subfield>
      <subfield code="b">BIB_UACO</subfield>
      <subfield code="d">2009-03-30</subfield>
      <subfield code="y">BK</subfield>
      <subfield code="p">02-37401</subfield>
      <subfield code="i">02-37401</subfield>
      <subfield code="g">32</subfield>
      <subfield code="o">657.47 C749a 30</subfield>
      <subfield code="e">Donación Nieto, Jorge José</subfield>
      <subfield code="8">CG</subfield>
    </datafield>
  </record>