
  <record>
    <leader>01000aam  22002601a 4500</leader>
    <controlfield tag="001">YPZ90857</controlfield>
    <controlfield tag="003">YPZ</controlfield>
    <controlfield tag="005">200903301416110</controlfield>
    <controlfield tag="008">090330|###########||||||b||||||||||spa|d</controlfield>
    <datafield tag="020" ind1=" " ind2=" ">
      <subfield code="a">8460763668</subfield>
    </datafield>
    <datafield tag="040" ind1=" " ind2=" ">
      <subfield code="c">SIUNPA</subfield>
    </datafield>
    <datafield tag="041" ind1=" " ind2=" ">
      <subfield code="a">spa</subfield>
    </datafield>
    <datafield tag="044" ind1=" " ind2=" ">
      <subfield code="a">ES</subfield>
    </datafield>
    <datafield tag="080" ind1=" " ind2=" ">
      <subfield code="a">37.015.4 S623s</subfield>
    </datafield>
    <datafield tag="100" ind1=" " ind2=" ">
      <subfield code="a">Martínez Usarralde, María Jesús.</subfield>
    </datafield>
    <datafield tag="700" ind1=" " ind2=" ">
      <subfield code="a">Bascuñán Cortés, Javier.</subfield>
    </datafield>
    <datafield tag="700" ind1=" " ind2=" ">
      <subfield code="a">Blat Gimeno, Amparo.</subfield>
    </datafield>
    <datafield tag="700" ind1=" " ind2=" ">
      <subfield code="a">Senent Sánchez, Joan María.</subfield>
    </datafield>
    <datafield tag="245" ind1=" " ind2=" ">
      <subfield code="a">Del sistema a la acción</subfield>
      <subfield code="b"> : impacto socioeducativo de las ONGD valencianas</subfield>
      <subfield code="c"> / Martínez Usarralde, María Jesús, coordinador</subfield>
    </datafield>
    <datafield tag="250" ind1=" " ind2=" ">
      <subfield code="a">1a ed.</subfield>
    </datafield>
    <datafield tag="260" ind1=" " ind2=" ">
      <subfield code="a">Valencia</subfield>
      <subfield code="b"> : Asociación Regional y Europea de Análisis, AREA</subfield>
      <subfield code="c"> , 2003</subfield>
    </datafield>
    <datafield tag="440" ind1=" " ind2=" ">
      <subfield code="a">Colección el libro hablado</subfield>
      <subfield code="a">Colección el libro hablado</subfield>
      <subfield code="a">Colección el libro hablado</subfield>
      <subfield code="a">Colección el libro hablado</subfield>
      <subfield code="a">Colección el libro hablado</subfield>
      <subfield code="a">Colección ISCUAL</subfield>
      <subfield code="v">no. 4</subfield>
    </datafield>
    <datafield tag="490" ind1=" " ind2=" ">
      <subfield code="a">Colección el libro hablado</subfield>
      <subfield code="a">Colección el libro hablado</subfield>
      <subfield code="a">Colección el libro hablado</subfield>
      <subfield code="a">Colección el libro hablado</subfield>
      <subfield code="a">Colección el libro hablado</subfield>
      <subfield code="a">Colección ISCUAL</subfield>
      <subfield code="v">no. 4</subfield>
    </datafield>
    <datafield tag="650" ind1=" " ind2=" ">
      <subfield code="a"> SOCIOLOGIA DE LA EDUCACION</subfield>
    </datafield>
    <datafield tag="650" ind1=" " ind2=" ">
      <subfield code="a"> ASISTENCIA SOCIAL</subfield>
    </datafield>
    <datafield tag="942" ind1=" " ind2=" ">
      <subfield code="c">BK</subfield>
    </datafield>
    <datafield tag="952" ind1=" " ind2=" ">
      <subfield code="a">BIB_RECT</subfield>
      <subfield code="b">BIB_UACO</subfield>
      <subfield code="d">2009-03-24</subfield>
      <subfield code="y">BK</subfield>
      <subfield code="p">02-37402</subfield>
      <subfield code="i">02-37402</subfield>
      <subfield code="g">28</subfield>
      <subfield code="o">37.015.4 S623s</subfield>
      <subfield code="e">Donación Martínez Usarralde, María Jesús</subfield>
      <subfield code="8">CG</subfield>
    </datafield>
  </record>