
  <record>
    <leader>01000aam  22002601a 4500</leader>
    <controlfield tag="001">YPZ90859</controlfield>
    <controlfield tag="003">YPZ</controlfield>
    <controlfield tag="005">200903301548090</controlfield>
    <controlfield tag="008">090330|###########||||||b||||||||||spa|d</controlfield>
    <datafield tag="020" ind1=" " ind2=" ">
      <subfield code="a">9780769537039</subfield>
    </datafield>
    <datafield tag="040" ind1=" " ind2=" ">
      <subfield code="c">SIUNPA</subfield>
    </datafield>
    <datafield tag="041" ind1=" " ind2=" ">
      <subfield code="a">eng</subfield>
    </datafield>
    <datafield tag="044" ind1=" " ind2=" ">
      <subfield code="a">US</subfield>
    </datafield>
    <datafield tag="080" ind1=" " ind2=" ">
      <subfield code="a">004 I612c</subfield>
    </datafield>
    <datafield tag="110" ind1=" " ind2=" ">
      <subfield code="a">International Conference of the Chilean Computer Science Society (Punta Arenas, Chile : 2008).</subfield>
    </datafield>
    <datafield tag="245" ind1=" " ind2=" ">
      <subfield code="a">Proceedings. International Conference of the Chilean Computer Science Society</subfield>
    </datafield>
    <datafield tag="260" ind1=" " ind2=" ">
      <subfield code="a">Los Alamitos, Calif.</subfield>
      <subfield code="b"> : IEEE Computer Society</subfield>
      <subfield code="b"> : Conference Publishing Services</subfield>
      <subfield code="c"> , 2008</subfield>
    </datafield>
    <datafield tag="650" ind1=" " ind2=" ">
      <subfield code="a"> INGENIERIA DE SOFTWARE</subfield>
    </datafield>
    <datafield tag="650" ind1=" " ind2=" ">
      <subfield code="a"> INFORMATICA</subfield>
    </datafield>
    <datafield tag="942" ind1=" " ind2=" ">
      <subfield code="c">BK</subfield>
    </datafield>
    <datafield tag="952" ind1=" " ind2=" ">
      <subfield code="a">BIB_RECT</subfield>
      <subfield code="b">BIB_UACO</subfield>
      <subfield code="d">2009-03-30</subfield>
      <subfield code="y">BK</subfield>
      <subfield code="p">02-37395</subfield>
      <subfield code="i">02-37395</subfield>
      <subfield code="g">32</subfield>
      <subfield code="o">004 I612c</subfield>
      <subfield code="e">Paredes, R. Uribe,|Villanova, Graciela</subfield>
      <subfield code="8">CG</subfield>
    </datafield>
  </record>