
  <record>
    <leader>01000aam  22002601a 4500</leader>
    <controlfield tag="001">YPZ90875</controlfield>
    <controlfield tag="003">YPZ</controlfield>
    <controlfield tag="005">200903311558020</controlfield>
    <controlfield tag="008">090331|###########||||||b||||||||||spa|d</controlfield>
    <datafield tag="020" ind1=" " ind2=" ">
      <subfield code="a">9688805807</subfield>
    </datafield>
    <datafield tag="040" ind1=" " ind2=" ">
      <subfield code="c">SIUNPA</subfield>
    </datafield>
    <datafield tag="041" ind1=" " ind2=" ">
      <subfield code="a">spa</subfield>
    </datafield>
    <datafield tag="044" ind1=" " ind2=" ">
      <subfield code="a">MX</subfield>
    </datafield>
    <datafield tag="080" ind1=" " ind2=" ">
      <subfield code="a">004.451 T118l</subfield>
    </datafield>
    <datafield tag="100" ind1=" " ind2=" ">
      <subfield code="a">Tackett, Jack.</subfield>
    </datafield>
    <datafield tag="700" ind1=" " ind2=" ">
      <subfield code="a">Gunter, David.</subfield>
    </datafield>
    <datafield tag="700" ind1=" " ind2=" ">
      <subfield code="a">Brown, Lance.</subfield>
    </datafield>
    <datafield tag="245" ind1=" " ind2=" ">
      <subfield code="a">Linux</subfield>
      <subfield code="b"> : edición especial</subfield>
      <subfield code="c"> / Ocampo Rivera, Alfredo, tr. ; Ibarra Mercado, Víctor Hugo, rev. técnico</subfield>
    </datafield>
    <datafield tag="260" ind1=" " ind2=" ">
      <subfield code="a">México, D.F.</subfield>
      <subfield code="b"> : Prentice-Hall Hispanoamericana</subfield>
      <subfield code="c"> , 1996</subfield>
    </datafield>
    <datafield tag="300" ind1=" " ind2=" ">
      <subfield code="a">[37] p. : </subfield>
      <subfield code="b">il. ; </subfield>
      <subfield code="a">2 v. : </subfield>
      <subfield code="b">il. ; </subfield>
      <subfield code="a">150 p. : </subfield>
      <subfield code="a">x, 144 p. : </subfield>
      <subfield code="b">il. ; </subfield>
      <subfield code="a">[106] p. : </subfield>
      <subfield code="a">100 p. : </subfield>
      <subfield code="b">il. ; </subfield>
      <subfield code="a">209 p. : </subfield>
      <subfield code="b">il. ; </subfield>
      <subfield code="a">94 p. : </subfield>
      <subfield code="b">il. ; </subfield>
      <subfield code="a">134 p. : </subfield>
      <subfield code="b">il. ; </subfield>
      <subfield code="a">116 p. : </subfield>
      <subfield code="b">il. ; </subfield>
      <subfield code="a">78 p. : </subfield>
      <subfield code="b">il. ; </subfield>
      <subfield code="a">98 p. : </subfield>
      <subfield code="b">il. ; </subfield>
      <subfield code="a">xiv, 409 p. : </subfield>
      <subfield code="b">il. ; </subfield>
      <subfield code="a">50 p. : </subfield>
      <subfield code="a">91 p. : </subfield>
      <subfield code="a">v. : </subfield>
      <subfield code="a">117 p. : </subfield>
      <subfield code="a">189 p. : </subfield>
      <subfield code="a">231 p. : </subfield>
      <subfield code="b">il. ; </subfield>
      <subfield code="a">xxviii, 860 p. : </subfield>
      <subfield code="b">il. ; </subfield>
      <subfield code="e">1 CD-ROM en bolsillo</subfield>
    </datafield>
    <datafield tag="650" ind1=" " ind2=" ">
      <subfield code="a"> SISTEMAS OPERATIVOS</subfield>
    </datafield>
    <datafield tag="650" ind1=" " ind2=" ">
      <subfield code="a"> LINUX</subfield>
    </datafield>
    <datafield tag="942" ind1=" " ind2=" ">
      <subfield code="c">BK</subfield>
    </datafield>
    <datafield tag="952" ind1=" " ind2=" ">
      <subfield code="a">BIB_RECT</subfield>
      <subfield code="b">BIB_UARG</subfield>
      <subfield code="d">2009-03-31</subfield>
      <subfield code="y">BK</subfield>
      <subfield code="p">05-11213</subfield>
      <subfield code="i">05-11213</subfield>
      <subfield code="g">120</subfield>
      <subfield code="o">004.451 T118l</subfield>
      <subfield code="e">Fomec 585</subfield>
      <subfield code="8">CG</subfield>
    </datafield>
  </record>