
  <record>
    <leader>01000aam  22002601a 4500</leader>
    <controlfield tag="001">YPZ90888</controlfield>
    <controlfield tag="003">YPZ</controlfield>
    <controlfield tag="005">200904011315310</controlfield>
    <controlfield tag="008">090401|###########||||||b||||||||||spa|d</controlfield>
    <datafield tag="020" ind1=" " ind2=" ">
      <subfield code="a">9789872441401</subfield>
    </datafield>
    <datafield tag="040" ind1=" " ind2=" ">
      <subfield code="c">SIUNPA</subfield>
    </datafield>
    <datafield tag="041" ind1=" " ind2=" ">
      <subfield code="a">spa</subfield>
    </datafield>
    <datafield tag="044" ind1=" " ind2=" ">
      <subfield code="a">AR</subfield>
    </datafield>
    <datafield tag="080" ind1=" " ind2=" ">
      <subfield code="a">504.062 T128m</subfield>
    </datafield>
    <datafield tag="100" ind1=" " ind2=" ">
      <subfield code="a">Tagliorette, Alicia.</subfield>
    </datafield>
    <datafield tag="700" ind1=" " ind2=" ">
      <subfield code="a">Mansur, Lidia.</subfield>
    </datafield>
    <datafield tag="245" ind1=" " ind2=" ">
      <subfield code="a">Manual de áreas protegidas</subfield>
      <subfield code="c"> / Guarino, Verónica, correcciones, comentarios y sugerencias ; Sessa, Griselda, elaboración de las fichas de especies de aves y mamíferos ; Reta, Martín de la, elaboración de las fichas de especies de aves y mamíferos ; Sapoznikow, Alexandra, elaboración de las fichas de especies de aves y mamíferos ; Reeves, Cecilia, elaboración de las fichas de especies de aves y mamíferos ; Caracotche, Soledad, autora del cap. 3 ; Esteves, Jimena, diseño</subfield>
    </datafield>
    <datafield tag="260" ind1=" " ind2=" ">
      <subfield code="a">Puerto Madryn</subfield>
      <subfield code="b"> : Fundación Patagonia Natural</subfield>
      <subfield code="c"> , 2008</subfield>
    </datafield>
    <datafield tag="650" ind1=" " ind2=" ">
      <subfield code="a"> BIODIVERSIDAD</subfield>
    </datafield>
    <datafield tag="650" ind1=" " ind2=" ">
      <subfield code="a"> RECURSOS NATURALES</subfield>
    </datafield>
    <datafield tag="650" ind1=" " ind2=" ">
      <subfield code="a"> EDUCACION AMBIENTAL</subfield>
    </datafield>
    <datafield tag="650" ind1=" " ind2=" ">
      <subfield code="a"> MEDIO AMBIENTE </subfield>
    </datafield>
    <datafield tag="650" ind1=" " ind2=" ">
      <subfield code="a"> FAUNA MARINA</subfield>
    </datafield>
    <datafield tag="650" ind1=" " ind2=" ">
      <subfield code="a"> REGION PATAGONICA</subfield>
    </datafield>
    <datafield tag="942" ind1=" " ind2=" ">
      <subfield code="c">BK</subfield>
    </datafield>
    <datafield tag="952" ind1=" " ind2=" ">
      <subfield code="a">BIB_RECT</subfield>
      <subfield code="b">BIB_UACO</subfield>
      <subfield code="d">2009-03-29</subfield>
      <subfield code="y">BK</subfield>
      <subfield code="p">02-37451</subfield>
      <subfield code="i">02-37451</subfield>
      <subfield code="g">39</subfield>
      <subfield code="o">504.062 T128m</subfield>
      <subfield code="e">Donación Mg. Tagliorette, Alicia</subfield>
      <subfield code="8">CG</subfield>
    </datafield>
  </record>