
  <record>
    <leader>01000aam  22002601a 4500</leader>
    <controlfield tag="001">YPZ90894</controlfield>
    <controlfield tag="003">YPZ</controlfield>
    <controlfield tag="005">200904031037530</controlfield>
    <controlfield tag="008">090403|###########||||||b||||||||||spa|d</controlfield>
    <datafield tag="020" ind1=" " ind2=" ">
      <subfield code="a">9789870231752</subfield>
    </datafield>
    <datafield tag="040" ind1=" " ind2=" ">
      <subfield code="c">SIUNPA</subfield>
    </datafield>
    <datafield tag="041" ind1=" " ind2=" ">
      <subfield code="a">spa</subfield>
    </datafield>
    <datafield tag="044" ind1=" " ind2=" ">
      <subfield code="a">AR</subfield>
    </datafield>
    <datafield tag="080" ind1=" " ind2=" ">
      <subfield code="a">372.46 P437e</subfield>
    </datafield>
    <datafield tag="100" ind1=" " ind2=" ">
      <subfield code="a">Pereyra, Alicia Esther.</subfield>
    </datafield>
    <datafield tag="245" ind1=" " ind2=" ">
      <subfield code="a">Entre mundos</subfield>
      <subfield code="b"> : literatura en la escuela</subfield>
    </datafield>
    <datafield tag="260" ind1=" " ind2=" ">
      <subfield code="a">Buenos Aires</subfield>
      <subfield code="b"> : Dunken</subfield>
      <subfield code="c"> , 2008</subfield>
    </datafield>
    <datafield tag="650" ind1=" " ind2=" ">
      <subfield code="a"> ENSEÑANZA DE LA ESCRITURA</subfield>
    </datafield>
    <datafield tag="650" ind1=" " ind2=" ">
      <subfield code="a"> APRENDIZAJE </subfield>
    </datafield>
    <datafield tag="650" ind1=" " ind2=" ">
      <subfield code="a"> ENSEÑANZA DE LA LITERATURA</subfield>
    </datafield>
    <datafield tag="650" ind1=" " ind2=" ">
      <subfield code="a"> ESCRITURA DE CREACION</subfield>
    </datafield>
    <datafield tag="650" ind1=" " ind2=" ">
      <subfield code="a"> METODOS DE ENSEÑANZA  </subfield>
    </datafield>
    <datafield tag="650" ind1=" " ind2=" ">
      <subfield code="a"> EGB</subfield>
    </datafield>
    <datafield tag="942" ind1=" " ind2=" ">
      <subfield code="c">BK</subfield>
    </datafield>
    <datafield tag="952" ind1=" " ind2=" ">
      <subfield code="a">BIB_RECT</subfield>
      <subfield code="b">BIB_UACO</subfield>
      <subfield code="d">2009-04-03</subfield>
      <subfield code="y">BK</subfield>
      <subfield code="p">02-37448</subfield>
      <subfield code="i">02-37448</subfield>
      <subfield code="g">17</subfield>
      <subfield code="o">372.46 P437e</subfield>
      <subfield code="e">Donación Lic. Pereyra, Alicia</subfield>
      <subfield code="8">CG</subfield>
    </datafield>
    <datafield tag="952" ind1=" " ind2=" ">
      <subfield code="a">BIB_RECT</subfield>
      <subfield code="b">BIB_UACO</subfield>
      <subfield code="d">2009-04-03</subfield>
      <subfield code="y">BK</subfield>
      <subfield code="p">02-37449</subfield>
      <subfield code="i">02-37449</subfield>
      <subfield code="g">17</subfield>
      <subfield code="o">372.46 P437e</subfield>
      <subfield code="e">Donación Lic. Pereyra, Alicia</subfield>
      <subfield code="8">CG</subfield>
    </datafield>
    <datafield tag="952" ind1=" " ind2=" ">
      <subfield code="a">BIB_RECT</subfield>
      <subfield code="b">BIB_UACO</subfield>
      <subfield code="d">2009-04-03</subfield>
      <subfield code="y">BK</subfield>
      <subfield code="p">02-37450</subfield>
      <subfield code="i">02-37450</subfield>
      <subfield code="g">17</subfield>
      <subfield code="o">372.46 P437e</subfield>
      <subfield code="e">Donación Lic. Pereyra, Alicia</subfield>
      <subfield code="8">CG</subfield>
    </datafield>
    <datafield tag="952" ind1=" " ind2=" ">
      <subfield code="a">BIB_RECT</subfield>
      <subfield code="b">BIB_UASJ</subfield>
      <subfield code="d">2009-11-11</subfield>
      <subfield code="y">BK</subfield>
      <subfield code="p">04-38525</subfield>
      <subfield code="i">04-38525</subfield>
      <subfield code="g">17</subfield>
      <subfield code="o">372.46 P437e</subfield>
      <subfield code="e">Donación Prof. Pereyra, Alicia</subfield>
      <subfield code="8">CG</subfield>
    </datafield>
    <datafield tag="952" ind1=" " ind2=" ">
      <subfield code="a">BIB_RECT</subfield>
      <subfield code="b">BIB_UARG</subfield>
      <subfield code="d">2009-05-15</subfield>
      <subfield code="y">BK</subfield>
      <subfield code="p">05-37726</subfield>
      <subfield code="i">05-37726</subfield>
      <subfield code="g">17</subfield>
      <subfield code="o">372.46 P437e</subfield>
      <subfield code="e">Donación Lic. Pereyra, Alicia/08</subfield>
      <subfield code="8">CG</subfield>
    </datafield>
    <datafield tag="952" ind1=" " ind2=" ">
      <subfield code="a">BIB_RECT</subfield>
      <subfield code="b">BIB_UARG</subfield>
      <subfield code="d">2009-05-15</subfield>
      <subfield code="y">BK</subfield>
      <subfield code="p">05-37727</subfield>
      <subfield code="i">05-37727</subfield>
      <subfield code="g">20</subfield>
      <subfield code="o">372.46 P437e</subfield>
      <subfield code="e">Donación Lic. Pereyra, Alicia/08</subfield>
      <subfield code="8">CG</subfield>
    </datafield>
    <datafield tag="952" ind1=" " ind2=" ">
      <subfield code="a">BIB_RECT</subfield>
      <subfield code="b">BIB_UARG</subfield>
      <subfield code="d">2009-05-15</subfield>
      <subfield code="y">BK</subfield>
      <subfield code="p">05-37728</subfield>
      <subfield code="i">05-37728</subfield>
      <subfield code="g">20</subfield>
      <subfield code="o">372.46 P437e</subfield>
      <subfield code="e">Donación Lic. Pereyra, Alicia/08</subfield>
      <subfield code="8">CG</subfield>
    </datafield>
    <datafield tag="952" ind1=" " ind2=" ">
      <subfield code="a">BIB_RECT</subfield>
      <subfield code="b">SAT_PBNA</subfield>
      <subfield code="d">2009-11-11</subfield>
      <subfield code="y">BK</subfield>
      <subfield code="p">11-38523</subfield>
      <subfield code="i">11-38523</subfield>
      <subfield code="g">17</subfield>
      <subfield code="o">372.46 P437e</subfield>
      <subfield code="e">Donación Prof. Pereyra, Alicia UACO</subfield>
      <subfield code="8">CG</subfield>
    </datafield>
    <datafield tag="952" ind1=" " ind2=" ">
      <subfield code="a">BIB_RECT</subfield>
      <subfield code="b">SAT_GREG</subfield>
      <subfield code="d">2009-11-11</subfield>
      <subfield code="y">BK</subfield>
      <subfield code="p">18-38524</subfield>
      <subfield code="i">18-38524</subfield>
      <subfield code="g">17</subfield>
      <subfield code="o">372.46 P437e</subfield>
      <subfield code="e">Donación Prof. Pereyra, Alicia</subfield>
      <subfield code="8">CG</subfield>
    </datafield>
  </record>