
  <record>
    <leader>01000aam  22002601a 4500</leader>
    <controlfield tag="001">YPZ90901</controlfield>
    <controlfield tag="003">YPZ</controlfield>
    <controlfield tag="005">200904031228380</controlfield>
    <controlfield tag="008">090403|###########||||||b||||||||||spa|d</controlfield>
    <datafield tag="040" ind1=" " ind2=" ">
      <subfield code="c">SIUNPA</subfield>
    </datafield>
    <datafield tag="041" ind1=" " ind2=" ">
      <subfield code="a">spa</subfield>
    </datafield>
    <datafield tag="044" ind1=" " ind2=" ">
      <subfield code="a">ES</subfield>
    </datafield>
    <datafield tag="080" ind1=" " ind2=" ">
      <subfield code="a">323.27 C311e</subfield>
    </datafield>
    <datafield tag="100" ind1=" " ind2=" ">
      <subfield code="a">Carr, Edward H..</subfield>
    </datafield>
    <datafield tag="245" ind1=" " ind2=" ">
      <subfield code="a">Estudios sobre la revolución</subfield>
      <subfield code="c"> / Gallego, Eugenio, tr.</subfield>
    </datafield>
    <datafield tag="260" ind1=" " ind2=" ">
      <subfield code="a">Madrid</subfield>
      <subfield code="b"> : Alianza</subfield>
      <subfield code="c"> , 1968</subfield>
    </datafield>
    <datafield tag="440" ind1=" " ind2=" ">
      <subfield code="a">El hombre y su tiempo</subfield>
      <subfield code="a">Tierra firme</subfield>
      <subfield code="a">El hombre y su tiempo</subfield>
      <subfield code="a">Claves de economía política</subfield>
      <subfield code="a">El libro de bolsillo. Sección Humanidades</subfield>
      <subfield code="v">134</subfield>
    </datafield>
    <datafield tag="490" ind1=" " ind2=" ">
      <subfield code="a">El hombre y su tiempo</subfield>
      <subfield code="a">Tierra firme</subfield>
      <subfield code="a">El hombre y su tiempo</subfield>
      <subfield code="a">Claves de economía política</subfield>
      <subfield code="a">El libro de bolsillo. Sección Humanidades</subfield>
      <subfield code="v">134</subfield>
    </datafield>
    <datafield tag="650" ind1=" " ind2=" ">
      <subfield code="a"> REVOLUCION RUSA</subfield>
    </datafield>
    <datafield tag="650" ind1=" " ind2=" ">
      <subfield code="a"> REVOLUCION FRANCESA</subfield>
    </datafield>
    <datafield tag="650" ind1=" " ind2=" ">
      <subfield code="a"> GUERRA </subfield>
    </datafield>
    <datafield tag="650" ind1=" " ind2=" ">
      <subfield code="a"> HISTORIA DE LOS ESTADOS UNIDOS</subfield>
    </datafield>
    <datafield tag="650" ind1=" " ind2=" ">
      <subfield code="a"> FILOSOFIA POLITICA</subfield>
    </datafield>
    <datafield tag="942" ind1=" " ind2=" ">
      <subfield code="c">BK</subfield>
    </datafield>
    <datafield tag="952" ind1=" " ind2=" ">
      <subfield code="a">BIB_RECT</subfield>
      <subfield code="b">BIB_UASJ</subfield>
      <subfield code="d">2009-04-01</subfield>
      <subfield code="y">BK</subfield>
      <subfield code="p">04-37502</subfield>
      <subfield code="i">04-37502</subfield>
      <subfield code="g">23</subfield>
      <subfield code="o">323.27 C311e</subfield>
      <subfield code="e">Donación México</subfield>
      <subfield code="8">CG</subfield>
    </datafield>
  </record>