
  <record>
    <leader>01000aam  22002601a 4500</leader>
    <controlfield tag="001">YPZ90942</controlfield>
    <controlfield tag="003">YPZ</controlfield>
    <controlfield tag="005">200904131417200</controlfield>
    <controlfield tag="008">090413|###########||||||b||||||||||spa|d</controlfield>
    <datafield tag="020" ind1=" " ind2=" ">
      <subfield code="a">9789872386603</subfield>
    </datafield>
    <datafield tag="040" ind1=" " ind2=" ">
      <subfield code="c">SIUNPA</subfield>
    </datafield>
    <datafield tag="041" ind1=" " ind2=" ">
      <subfield code="a">spa</subfield>
    </datafield>
    <datafield tag="044" ind1=" " ind2=" ">
      <subfield code="a">AR</subfield>
    </datafield>
    <datafield tag="080" ind1=" " ind2=" ">
      <subfield code="a">323.28 A837n</subfield>
    </datafield>
    <datafield tag="110" ind1=" " ind2=" ">
      <subfield code="a">Abuelas de Plaza de Mayo.</subfield>
    </datafield>
    <datafield tag="245" ind1=" " ind2=" ">
      <subfield code="a">Niños desaparecidos, jovenes localizados, en la Argentina de 1975 a 2007</subfield>
      <subfield code="c"> / Madariaga, Abel, ed. responsable ; Castillo, Marcelo, coordinación general e investigación ; Marizcurrena, Raquel R. de, rev. ; Lanzillotto, Alba Rosa, rev. ; Lavalle Lemos, María, rev.</subfield>
    </datafield>
    <datafield tag="260" ind1=" " ind2=" ">
      <subfield code="a">Buenos Aires</subfield>
      <subfield code="b"> : Abuelas de Plaza de Mayo</subfield>
      <subfield code="c"> , 2007</subfield>
    </datafield>
    <datafield tag="650" ind1=" " ind2=" ">
      <subfield code="a"> DESAPARECIDOS</subfield>
    </datafield>
    <datafield tag="650" ind1=" " ind2=" ">
      <subfield code="a"> TERRORISMO DE ESTADO</subfield>
    </datafield>
    <datafield tag="650" ind1=" " ind2=" ">
      <subfield code="a"> SIGLO XX</subfield>
    </datafield>
    <datafield tag="650" ind1=" " ind2=" ">
      <subfield code="a"> ARGENTINA</subfield>
    </datafield>
    <datafield tag="942" ind1=" " ind2=" ">
      <subfield code="c">BK</subfield>
    </datafield>
    <datafield tag="952" ind1=" " ind2=" ">
      <subfield code="a">BIB_RECT</subfield>
      <subfield code="b">BIB_UARG</subfield>
      <subfield code="d">2009-04-13</subfield>
      <subfield code="y">BK</subfield>
      <subfield code="p">05-37432</subfield>
      <subfield code="i">05-37432</subfield>
      <subfield code="g">32</subfield>
      <subfield code="o">323.28 A837n</subfield>
      <subfield code="e">Fundación Abuelas de Plaza de Mayo</subfield>
      <subfield code="8">CG</subfield>
    </datafield>
    <datafield tag="952" ind1=" " ind2=" ">
      <subfield code="a">BIB_RECT</subfield>
      <subfield code="b">BIB_UARG</subfield>
      <subfield code="d">2009-04-13</subfield>
      <subfield code="y">BK</subfield>
      <subfield code="p">05-37433</subfield>
      <subfield code="i">05-37433</subfield>
      <subfield code="g">32</subfield>
      <subfield code="o">323.28 A837n</subfield>
      <subfield code="e">Fundación Abuelas de Plaza de Mayo</subfield>
      <subfield code="8">CG</subfield>
    </datafield>
  </record>