
  <record>
    <leader>01000aam  22002601a 4500</leader>
    <controlfield tag="001">YPZ90943</controlfield>
    <controlfield tag="003">YPZ</controlfield>
    <controlfield tag="005">200904131502570</controlfield>
    <controlfield tag="008">090413|###########||||||b||||||||||spa|d</controlfield>
    <datafield tag="020" ind1=" " ind2=" ">
      <subfield code="a">9789872386610</subfield>
    </datafield>
    <datafield tag="040" ind1=" " ind2=" ">
      <subfield code="c">SIUNPA</subfield>
    </datafield>
    <datafield tag="041" ind1=" " ind2=" ">
      <subfield code="a">spa</subfield>
    </datafield>
    <datafield tag="044" ind1=" " ind2=" ">
      <subfield code="a">AR</subfield>
    </datafield>
    <datafield tag="080" ind1=" " ind2=" ">
      <subfield code="a">323.28 A165a</subfield>
    </datafield>
    <datafield tag="100" ind1=" " ind2=" ">
      <subfield code="a">Pasquini Durán, José María.</subfield>
    </datafield>
    <datafield tag="110" ind1=" " ind2=" ">
      <subfield code="a">Abuelas de Plaza de Mayo.</subfield>
    </datafield>
    <datafield tag="245" ind1=" " ind2=" ">
      <subfield code="a">Abuelas de plaza de mayo</subfield>
      <subfield code="b"> : fotografías de 30 años de lucha</subfield>
      <subfield code="c"> / Madariaga, Abel, idea ; Reynoso, Alejandro, comp. y realización</subfield>
    </datafield>
    <datafield tag="260" ind1=" " ind2=" ">
      <subfield code="a">Buenos Aires</subfield>
      <subfield code="b"> : Abuelas de Plaza de Mayo</subfield>
      <subfield code="c"> , 2008</subfield>
    </datafield>
    <datafield tag="650" ind1=" " ind2=" ">
      <subfield code="a"> DESAPARECIDOS</subfield>
    </datafield>
    <datafield tag="650" ind1=" " ind2=" ">
      <subfield code="a"> TERRORISMO DE ESTADO</subfield>
    </datafield>
    <datafield tag="650" ind1=" " ind2=" ">
      <subfield code="a"> DERECHOS HUMANOS</subfield>
    </datafield>
    <datafield tag="650" ind1=" " ind2=" ">
      <subfield code="a"> HISTORIA ARGENTINA</subfield>
    </datafield>
    <datafield tag="942" ind1=" " ind2=" ">
      <subfield code="c">BK</subfield>
    </datafield>
    <datafield tag="952" ind1=" " ind2=" ">
      <subfield code="a">BIB_RECT</subfield>
      <subfield code="b">BIB_UARG</subfield>
      <subfield code="d">2009-04-13</subfield>
      <subfield code="y">BK</subfield>
      <subfield code="p">05-37422</subfield>
      <subfield code="i">05-37422</subfield>
      <subfield code="g">32</subfield>
      <subfield code="o">323.28 A165a</subfield>
      <subfield code="e">Fundación Abuelas de Plaza de Mayo</subfield>
      <subfield code="8">CG</subfield>
    </datafield>
    <datafield tag="952" ind1=" " ind2=" ">
      <subfield code="a">BIB_RECT</subfield>
      <subfield code="b">BIB_UARG</subfield>
      <subfield code="d">2009-04-13</subfield>
      <subfield code="y">BK</subfield>
      <subfield code="p">05-37423</subfield>
      <subfield code="i">05-37423</subfield>
      <subfield code="g">32</subfield>
      <subfield code="o">323.28 A165a</subfield>
      <subfield code="e">Fundación Abuelas de Plaza de Mayo</subfield>
      <subfield code="8">CG</subfield>
    </datafield>
  </record>