
  <record>
    <leader>01000aam  22002601a 4500</leader>
    <controlfield tag="001">YPZ90952</controlfield>
    <controlfield tag="003">YPZ</controlfield>
    <controlfield tag="005">200904151240440</controlfield>
    <controlfield tag="008">090415|###########||||||b||||||||||spa|d</controlfield>
    <datafield tag="020" ind1=" " ind2=" ">
      <subfield code="a">9789879161364</subfield>
    </datafield>
    <datafield tag="040" ind1=" " ind2=" ">
      <subfield code="c">SIUNPA</subfield>
    </datafield>
    <datafield tag="041" ind1=" " ind2=" ">
      <subfield code="a">spa</subfield>
    </datafield>
    <datafield tag="044" ind1=" " ind2=" ">
      <subfield code="a">AR</subfield>
    </datafield>
    <datafield tag="080" ind1=" " ind2=" ">
      <subfield code="a">572.9(82) M953m</subfield>
    </datafield>
    <datafield tag="245" ind1=" " ind2=" ">
      <subfield code="a">Mujeres dirigentes indígenas</subfield>
      <subfield code="b"> : relatos e historias de vida</subfield>
      <subfield code="c"> / Camjalli, Geraldine, coordinación del proyecto ; Goyochea, Ana, asistencia ; Slavsky, Leonor, idea original y asesoramiento ; Kors, Vera, colab.</subfield>
    </datafield>
    <datafield tag="250" ind1=" " ind2=" ">
      <subfield code="a">1a ed., 1a reimpr.</subfield>
    </datafield>
    <datafield tag="260" ind1=" " ind2=" ">
      <subfield code="a">Buenos Aires</subfield>
      <subfield code="b"> : Secretaría de Cultura de la Nación</subfield>
      <subfield code="c"> , 2008</subfield>
    </datafield>
    <datafield tag="650" ind1=" " ind2=" ">
      <subfield code="a"> MUJERES  INDIGENAS</subfield>
    </datafield>
    <datafield tag="650" ind1=" " ind2=" ">
      <subfield code="a"> ESTUDIOS DE GENERO</subfield>
    </datafield>
    <datafield tag="650" ind1=" " ind2=" ">
      <subfield code="a"> MUJER EN LA VIDA POLITICA</subfield>
    </datafield>
    <datafield tag="650" ind1=" " ind2=" ">
      <subfield code="a"> MUJERES Y DESARROLLO</subfield>
    </datafield>
    <datafield tag="650" ind1=" " ind2=" ">
      <subfield code="a"> ARGENTINA</subfield>
    </datafield>
    <datafield tag="942" ind1=" " ind2=" ">
      <subfield code="c">BK</subfield>
    </datafield>
    <datafield tag="952" ind1=" " ind2=" ">
      <subfield code="a">BIB_RECT</subfield>
      <subfield code="b">BIB_UACO</subfield>
      <subfield code="d">2010-11-24</subfield>
      <subfield code="y">BK</subfield>
      <subfield code="p">02-40412</subfield>
      <subfield code="i">02-40412</subfield>
      <subfield code="g">49</subfield>
      <subfield code="o">572.9(82) M953m</subfield>
      <subfield code="e">Secretaría de Cultura de la Nación</subfield>
      <subfield code="8">CG</subfield>
    </datafield>
    <datafield tag="952" ind1=" " ind2=" ">
      <subfield code="a">BIB_RECT</subfield>
      <subfield code="b">BIB_UARG</subfield>
      <subfield code="d">2009-04-15</subfield>
      <subfield code="y">BK</subfield>
      <subfield code="p">05-37426</subfield>
      <subfield code="i">05-37426</subfield>
      <subfield code="g">32</subfield>
      <subfield code="o">572.9(82) M953m</subfield>
      <subfield code="e">Presidencia de la Nación/09</subfield>
      <subfield code="8">CG</subfield>
    </datafield>
    <datafield tag="952" ind1=" " ind2=" ">
      <subfield code="a">BIB_RECT</subfield>
      <subfield code="b">BIB_UARG</subfield>
      <subfield code="d">2010-05-20</subfield>
      <subfield code="y">BK</subfield>
      <subfield code="p">05-39512</subfield>
      <subfield code="i">05-39512</subfield>
      <subfield code="g">25</subfield>
      <subfield code="o">572.9(82) M953m</subfield>
      <subfield code="e">Secretaría de Cultura de la Nación</subfield>
      <subfield code="8">CG</subfield>
    </datafield>
    <datafield tag="952" ind1=" " ind2=" ">
      <subfield code="a">BIB_RECT</subfield>
      <subfield code="b">BIB_UARG</subfield>
      <subfield code="d">2010-05-20</subfield>
      <subfield code="y">BK</subfield>
      <subfield code="p">05-39513</subfield>
      <subfield code="i">05-39513</subfield>
      <subfield code="g">25</subfield>
      <subfield code="o">572.9(82) M953m</subfield>
      <subfield code="e">Secretaría de Cultura de la Nación</subfield>
      <subfield code="8">CG</subfield>
    </datafield>
  </record>