
  <record>
    <leader>01000aam  22002601a 4500</leader>
    <controlfield tag="001">YPZ90955</controlfield>
    <controlfield tag="003">YPZ</controlfield>
    <controlfield tag="005">200904161301260</controlfield>
    <controlfield tag="008">090416|###########||||||b||||||||||spa|d</controlfield>
    <datafield tag="020" ind1=" " ind2=" ">
      <subfield code="a">9789872441432</subfield>
    </datafield>
    <datafield tag="040" ind1=" " ind2=" ">
      <subfield code="c">SIUNPA</subfield>
    </datafield>
    <datafield tag="041" ind1=" " ind2=" ">
      <subfield code="a">spa</subfield>
      <subfield code="a">eng</subfield>
    </datafield>
    <datafield tag="044" ind1=" " ind2=" ">
      <subfield code="a">AR</subfield>
    </datafield>
    <datafield tag="080" ind1=" " ind2=" ">
      <subfield code="a">504.42.054 F727s</subfield>
    </datafield>
    <datafield tag="110" ind1=" " ind2=" ">
      <subfield code="a">Foro para la Conservación del Mar Patagónico y Áreas de Influencias.</subfield>
    </datafield>
    <datafield tag="710" ind1=" " ind2=" ">
      <subfield code="a">Fundación Patagonia Natural, org. (Proyecto ARG/02/G31, Programa de las Naciones Unidas para el Desarrollo y Global Environment Facility).</subfield>
    </datafield>
    <datafield tag="245" ind1=" " ind2=" ">
      <subfield code="a">Síntesis del estado de conservación del mar patagónico y áreas de influencia</subfield>
      <subfield code="b"> : 2008</subfield>
      <subfield code="c"> / Wheeler, Lawrence, tr. ; Lacey, Roslyn, tr. ; Seiguerman, Valeria, tr. ; Santos, Fabrício</subfield>
    </datafield>
    <datafield tag="250" ind1=" " ind2=" ">
      <subfield code="a">1a ed.</subfield>
    </datafield>
    <datafield tag="260" ind1=" " ind2=" ">
      <subfield code="a">Puerto Madryn</subfield>
      <subfield code="b"> : Fundación Patagonia Natural</subfield>
      <subfield code="c"> , 2008</subfield>
    </datafield>
    <datafield tag="650" ind1=" " ind2=" ">
      <subfield code="a"> ECOLOGIA MARINA</subfield>
    </datafield>
    <datafield tag="650" ind1=" " ind2=" ">
      <subfield code="a"> HABITAT </subfield>
    </datafield>
    <datafield tag="650" ind1=" " ind2=" ">
      <subfield code="a"> REGION PATAGONICA</subfield>
    </datafield>
    <datafield tag="650" ind1=" " ind2=" ">
      <subfield code="a"> DIVERSIDAD BIOLOGICA</subfield>
    </datafield>
    <datafield tag="650" ind1=" " ind2=" ">
      <subfield code="a"> MEDIO AMBIENTE MARINO </subfield>
    </datafield>
    <datafield tag="650" ind1=" " ind2=" ">
      <subfield code="a"> CONTAMINACION</subfield>
    </datafield>
    <datafield tag="942" ind1=" " ind2=" ">
      <subfield code="c">BK</subfield>
    </datafield>
    <datafield tag="952" ind1=" " ind2=" ">
      <subfield code="a">BIB_RECT</subfield>
      <subfield code="b">BIB_UACO</subfield>
      <subfield code="d">2009-05-08</subfield>
      <subfield code="y">BK</subfield>
      <subfield code="p">02-37699</subfield>
      <subfield code="i">02-37699</subfield>
      <subfield code="g">89</subfield>
      <subfield code="o">504.42.054 F727s</subfield>
      <subfield code="e">Donación</subfield>
      <subfield code="8">CG</subfield>
    </datafield>
    <datafield tag="952" ind1=" " ind2=" ">
      <subfield code="a">BIB_RECT</subfield>
      <subfield code="b">BIB_UASJ</subfield>
      <subfield code="d">2009-04-29</subfield>
      <subfield code="y">BK</subfield>
      <subfield code="p">04-37659</subfield>
      <subfield code="i">04-37659</subfield>
      <subfield code="g">89</subfield>
      <subfield code="o">504.42.054 F727s</subfield>
      <subfield code="e">Donación</subfield>
      <subfield code="8">CG</subfield>
    </datafield>
    <datafield tag="952" ind1=" " ind2=" ">
      <subfield code="a">BIB_RECT</subfield>
      <subfield code="b">BIB_UARG</subfield>
      <subfield code="d">2009-04-16</subfield>
      <subfield code="y">BK</subfield>
      <subfield code="p">05-37438</subfield>
      <subfield code="i">05-37438</subfield>
      <subfield code="g">89</subfield>
      <subfield code="o">504.42.054 F727s</subfield>
      <subfield code="e">Fundación Patagonia Natural</subfield>
      <subfield code="8">CG</subfield>
    </datafield>
    <datafield tag="952" ind1=" " ind2=" ">
      <subfield code="a">BIB_RECT</subfield>
      <subfield code="b">BIB_UARG</subfield>
      <subfield code="d">2011-05-02</subfield>
      <subfield code="y">BK</subfield>
      <subfield code="p">05-40797</subfield>
      <subfield code="i">05-40797</subfield>
      <subfield code="g">58</subfield>
      <subfield code="o">504.42.054 F727s</subfield>
      <subfield code="e">Biblioteca INIDEP/10</subfield>
      <subfield code="8">CG</subfield>
    </datafield>
  </record>