
  <record>
    <leader>01000aam  22002601a 4500</leader>
    <controlfield tag="001">YPZ90956</controlfield>
    <controlfield tag="003">YPZ</controlfield>
    <controlfield tag="005">200904161338100</controlfield>
    <controlfield tag="008">090416|###########||||||b||||||||||spa|d</controlfield>
    <datafield tag="040" ind1=" " ind2=" ">
      <subfield code="c">SIUNPA</subfield>
    </datafield>
    <datafield tag="041" ind1=" " ind2=" ">
      <subfield code="a">spa</subfield>
    </datafield>
    <datafield tag="044" ind1=" " ind2=" ">
      <subfield code="a">AR</subfield>
    </datafield>
    <datafield tag="080" ind1=" " ind2=" ">
      <subfield code="a">81'42 F165d</subfield>
    </datafield>
    <datafield tag="100" ind1=" " ind2=" ">
      <subfield code="a">Fairclough, Norman.</subfield>
    </datafield>
    <datafield tag="245" ind1=" " ind2=" ">
      <subfield code="a">Discurso y cambio social</subfield>
      <subfield code="c"> / Zullo, Julia, selección y tr. ; Unamuno, Virginia, selección y tr. ; Raiter, Alejandro, selección y tr. ; García, Paula, selección y tr.</subfield>
    </datafield>
    <datafield tag="260" ind1=" " ind2=" ">
      <subfield code="a">Buenos Aires</subfield>
      <subfield code="b"> : Facultad de Filosofía y Letras, UBA</subfield>
      <subfield code="c"> , 1998</subfield>
    </datafield>
    <datafield tag="440" ind1=" " ind2=" ">
      <subfield code="a">Vivir mejor</subfield>
      <subfield code="a">Cultura ciudadana y diversidad</subfield>
      <subfield code="a">Cuadernos de sociolingüística y lingüística crítica. Serie fichas de cátedra</subfield>
      <subfield code="v">no.3</subfield>
    </datafield>
    <datafield tag="490" ind1=" " ind2=" ">
      <subfield code="a">Vivir mejor</subfield>
      <subfield code="a">Cultura ciudadana y diversidad</subfield>
      <subfield code="a">Cuadernos de sociolingüística y lingüística crítica. Serie fichas de cátedra</subfield>
      <subfield code="v">no.3</subfield>
    </datafield>
    <datafield tag="650" ind1=" " ind2=" ">
      <subfield code="a"> ANALISIS DEL DISCURSO</subfield>
    </datafield>
    <datafield tag="942" ind1=" " ind2=" ">
      <subfield code="c">BK</subfield>
    </datafield>
    <datafield tag="952" ind1=" " ind2=" ">
      <subfield code="a">BIB_RECT</subfield>
      <subfield code="b">BIB_UARG</subfield>
      <subfield code="d">2009-04-16</subfield>
      <subfield code="y">BK</subfield>
      <subfield code="p">05-37436</subfield>
      <subfield code="i">05-37436</subfield>
      <subfield code="g">19</subfield>
      <subfield code="o">81'42 F165d</subfield>
      <subfield code="e">Blanco, Patricia|Firpo, Rosana/09</subfield>
      <subfield code="8">CG</subfield>
    </datafield>
  </record>