
  <record>
    <leader>01000aam  22002601a 4500</leader>
    <controlfield tag="001">YPZ90977</controlfield>
    <controlfield tag="003">YPZ</controlfield>
    <controlfield tag="005">200904201445550</controlfield>
    <controlfield tag="008">090420|###########||||||b||||||||||spa|d</controlfield>
    <datafield tag="020" ind1=" " ind2=" ">
      <subfield code="a">987558066X</subfield>
    </datafield>
    <datafield tag="020" ind1=" " ind2=" ">
      <subfield code="a">9789875580664</subfield>
    </datafield>
    <datafield tag="040" ind1=" " ind2=" ">
      <subfield code="c">SIUNPA</subfield>
    </datafield>
    <datafield tag="041" ind1=" " ind2=" ">
      <subfield code="a">spa</subfield>
    </datafield>
    <datafield tag="044" ind1=" " ind2=" ">
      <subfield code="a">AR</subfield>
    </datafield>
    <datafield tag="080" ind1=" " ind2=" ">
      <subfield code="a">911 C539i</subfield>
    </datafield>
    <datafield tag="100" ind1=" " ind2=" ">
      <subfield code="a">Chiozza, Elena Margarita.</subfield>
    </datafield>
    <datafield tag="700" ind1=" " ind2=" ">
      <subfield code="a">Carballo, Cristina Teresa.</subfield>
    </datafield>
    <datafield tag="245" ind1=" " ind2=" ">
      <subfield code="a">Introducción a la Geografía</subfield>
      <subfield code="c"> / Centeno, Rafael, ed. y diseño de interiores</subfield>
    </datafield>
    <datafield tag="260" ind1=" " ind2=" ">
      <subfield code="a">Quilmes</subfield>
      <subfield code="b"> : Universidad Nacional de Quilmes</subfield>
      <subfield code="c"> , 2006</subfield>
    </datafield>
    <datafield tag="440" ind1=" " ind2=" ">
      <subfield code="a">Cuadernos universitarios / Universidad Nacional de Quilmes</subfield>
      <subfield code="v">12</subfield>
    </datafield>
    <datafield tag="490" ind1=" " ind2=" ">
      <subfield code="a">Cuadernos universitarios / Universidad Nacional de Quilmes</subfield>
      <subfield code="v">12</subfield>
    </datafield>
    <datafield tag="650" ind1=" " ind2=" ">
      <subfield code="a"> GEOGRAFIA</subfield>
    </datafield>
    <datafield tag="942" ind1=" " ind2=" ">
      <subfield code="c">BK</subfield>
    </datafield>
    <datafield tag="952" ind1=" " ind2=" ">
      <subfield code="a">BIB_RECT</subfield>
      <subfield code="b">BIB_UARG</subfield>
      <subfield code="d">2009-04-17</subfield>
      <subfield code="y">BK</subfield>
      <subfield code="p">05-37546</subfield>
      <subfield code="i">05-37546</subfield>
      <subfield code="g">28</subfield>
      <subfield code="o">911 C539i</subfield>
      <subfield code="e">Donación Ampuero, Cristian</subfield>
      <subfield code="8">CG</subfield>
    </datafield>
    <datafield tag="952" ind1=" " ind2=" ">
      <subfield code="a">BIB_RECT</subfield>
      <subfield code="b">BIB_UARG</subfield>
      <subfield code="d">2009-04-17</subfield>
      <subfield code="y">BK</subfield>
      <subfield code="p">05-37547</subfield>
      <subfield code="i">05-37547</subfield>
      <subfield code="g">28</subfield>
      <subfield code="o">911 C539i</subfield>
      <subfield code="e">Donación Ampuero, Cristian</subfield>
      <subfield code="8">CG</subfield>
    </datafield>
  </record>