
  <record>
    <leader>01000aam  22002601a 4500</leader>
    <controlfield tag="001">YPZ90984</controlfield>
    <controlfield tag="003">YPZ</controlfield>
    <controlfield tag="005">200904211320400</controlfield>
    <controlfield tag="008">090421|###########||||||b||||||||||spa|d</controlfield>
    <datafield tag="020" ind1=" " ind2=" ">
      <subfield code="a">0792360710</subfield>
    </datafield>
    <datafield tag="040" ind1=" " ind2=" ">
      <subfield code="c">SIUNPA</subfield>
    </datafield>
    <datafield tag="041" ind1=" " ind2=" ">
      <subfield code="a">eng</subfield>
    </datafield>
    <datafield tag="044" ind1=" " ind2=" ">
      <subfield code="a">UK</subfield>
    </datafield>
    <datafield tag="080" ind1=" " ind2=" ">
      <subfield code="a">504.53.05 R196r</subfield>
    </datafield>
    <datafield tag="245" ind1=" " ind2=" ">
      <subfield code="a">Rangeland desertification</subfield>
      <subfield code="c"> / Arnalds, Olafur, ed. ; Archer, Steve, ed.</subfield>
    </datafield>
    <datafield tag="260" ind1=" " ind2=" ">
      <subfield code="a">Dordrecht</subfield>
      <subfield code="b"> : Kluwer</subfield>
      <subfield code="c"> , 2000</subfield>
    </datafield>
    <datafield tag="440" ind1=" " ind2=" ">
      <subfield code="a">Advances in vegetation science</subfield>
      <subfield code="v">19</subfield>
    </datafield>
    <datafield tag="490" ind1=" " ind2=" ">
      <subfield code="a">Advances in vegetation science</subfield>
      <subfield code="v">19</subfield>
    </datafield>
    <datafield tag="650" ind1=" " ind2=" ">
      <subfield code="a"> DESERTIFICACION</subfield>
    </datafield>
    <datafield tag="650" ind1=" " ind2=" ">
      <subfield code="a"> MANEJO DE PASTIZALES</subfield>
    </datafield>
    <datafield tag="942" ind1=" " ind2=" ">
      <subfield code="c">BK</subfield>
    </datafield>
    <datafield tag="952" ind1=" " ind2=" ">
      <subfield code="a">BIB_RECT</subfield>
      <subfield code="b">BIB_UARG</subfield>
      <subfield code="d">2009-04-14</subfield>
      <subfield code="y">BK</subfield>
      <subfield code="p">05-37532</subfield>
      <subfield code="i">05-37532</subfield>
      <subfield code="g">467</subfield>
      <subfield code="o">504.53.05 R196r</subfield>
      <subfield code="e">Compra SIUNPA</subfield>
      <subfield code="8">CG</subfield>
    </datafield>
  </record>