
  <record>
    <leader>01000aam  22002601a 4500</leader>
    <controlfield tag="001">YPZ90996</controlfield>
    <controlfield tag="003">YPZ</controlfield>
    <controlfield tag="005">200904221122230</controlfield>
    <controlfield tag="008">090422|###########||||||b||||||||||spa|d</controlfield>
    <datafield tag="040" ind1=" " ind2=" ">
      <subfield code="c">SIUNPA</subfield>
    </datafield>
    <datafield tag="041" ind1=" " ind2=" ">
      <subfield code="a">spa</subfield>
    </datafield>
    <datafield tag="044" ind1=" " ind2=" ">
      <subfield code="a">AR</subfield>
    </datafield>
    <datafield tag="080" ind1=" " ind2=" ">
      <subfield code="a">821.134.2(82) C316s</subfield>
    </datafield>
    <datafield tag="100" ind1=" " ind2=" ">
      <subfield code="a">Carriego, Evaristo.</subfield>
    </datafield>
    <datafield tag="700" ind1=" " ind2=" ">
      <subfield code="a">... [et al.].</subfield>
    </datafield>
    <datafield tag="245" ind1=" " ind2=" ">
      <subfield code="a">Selección de poemas</subfield>
      <subfield code="c"> / Sarlo, Beatriz, selección</subfield>
    </datafield>
    <datafield tag="260" ind1=" " ind2=" ">
      <subfield code="a">Buenos Aires</subfield>
      <subfield code="b"> : Centro Editor de América Latina</subfield>
      <subfield code="c"> , 1968</subfield>
    </datafield>
    <datafield tag="440" ind1=" " ind2=" ">
      <subfield code="a">Capítulo. Biblioteca argentina fundamental</subfield>
      <subfield code="v">33</subfield>
    </datafield>
    <datafield tag="490" ind1=" " ind2=" ">
      <subfield code="a">Capítulo. Biblioteca argentina fundamental</subfield>
      <subfield code="v">33</subfield>
    </datafield>
    <datafield tag="650" ind1=" " ind2=" ">
      <subfield code="a"> LITERATURA ARGENTINA</subfield>
    </datafield>
    <datafield tag="650" ind1=" " ind2=" ">
      <subfield code="a"> POESIA</subfield>
    </datafield>
    <datafield tag="942" ind1=" " ind2=" ">
      <subfield code="c">BK</subfield>
    </datafield>
    <datafield tag="952" ind1=" " ind2=" ">
      <subfield code="a">BIB_RECT</subfield>
      <subfield code="b">BIB_UARG</subfield>
      <subfield code="d">2009-04-22</subfield>
      <subfield code="y">BK</subfield>
      <subfield code="p">05-09969</subfield>
      <subfield code="i">05-09969</subfield>
      <subfield code="g">18</subfield>
      <subfield code="o">821.134.2(82) C316s</subfield>
      <subfield code="e">Masi, Sara</subfield>
      <subfield code="8">CG</subfield>
    </datafield>
    <datafield tag="952" ind1=" " ind2=" ">
      <subfield code="a">BIB_RECT</subfield>
      <subfield code="b">BIB_UARG</subfield>
      <subfield code="d">2013-10-15</subfield>
      <subfield code="y">BK</subfield>
      <subfield code="p">05-45697</subfield>
      <subfield code="i">05-45697</subfield>
      <subfield code="g">35</subfield>
      <subfield code="o">821.134.2(82) C316s</subfield>
      <subfield code="e">Don. Flia. Celada</subfield>
      <subfield code="8">CG</subfield>
    </datafield>
  </record>