
  <record>
    <leader>01000aam  22002601a 4500</leader>
    <controlfield tag="001">YPZ91015</controlfield>
    <controlfield tag="003">YPZ</controlfield>
    <controlfield tag="005">200904241239090</controlfield>
    <controlfield tag="008">090424|###########||||||b||||||||||spa|d</controlfield>
    <datafield tag="020" ind1=" " ind2=" ">
      <subfield code="a">9871242034</subfield>
    </datafield>
    <datafield tag="040" ind1=" " ind2=" ">
      <subfield code="c">SIUNPA</subfield>
    </datafield>
    <datafield tag="041" ind1=" " ind2=" ">
      <subfield code="a">spa</subfield>
    </datafield>
    <datafield tag="044" ind1=" " ind2=" ">
      <subfield code="a">AR</subfield>
    </datafield>
    <datafield tag="080" ind1=" " ind2=" ">
      <subfield code="a">638.1 A642a</subfield>
    </datafield>
    <datafield tag="100" ind1=" " ind2=" ">
      <subfield code="a">Christiansen, Rodolfo.</subfield>
    </datafield>
    <datafield tag="700" ind1=" " ind2=" ">
      <subfield code="a">Scatturice, Luis A..</subfield>
    </datafield>
    <datafield tag="700" ind1=" " ind2=" ">
      <subfield code="a">Cañari, Liliana M..</subfield>
    </datafield>
    <datafield tag="700" ind1=" " ind2=" ">
      <subfield code="a">Mayo, Juan P..</subfield>
    </datafield>
    <datafield tag="245" ind1=" " ind2=" ">
      <subfield code="a">Apicultura</subfield>
      <subfield code="b"> : producción de miel en la cuenca carbonífera del Río Turbio</subfield>
    </datafield>
    <datafield tag="260" ind1=" " ind2=" ">
      <subfield code="a">Río Gallegos</subfield>
      <subfield code="b"> : Universidad Nacional de la Patagonia Austral, UNPA</subfield>
      <subfield code="c"> , 2005</subfield>
    </datafield>
    <datafield tag="650" ind1=" " ind2=" ">
      <subfield code="a"> APICULTURA  RIO TURBIO (SANTA CRUZ)</subfield>
    </datafield>
    <datafield tag="650" ind1=" " ind2=" ">
      <subfield code="a"> COLMENA</subfield>
    </datafield>
    <datafield tag="650" ind1=" " ind2=" ">
      <subfield code="a"> PRODUCCION DE MIEL DE ABEJA</subfield>
    </datafield>
    <datafield tag="650" ind1=" " ind2=" ">
      <subfield code="a"> MANEJO DEL APIARO</subfield>
    </datafield>
    <datafield tag="650" ind1=" " ind2=" ">
      <subfield code="a"> EQUIPO APICOLA</subfield>
    </datafield>
    <datafield tag="942" ind1=" " ind2=" ">
      <subfield code="c">BK</subfield>
    </datafield>
    <datafield tag="952" ind1=" " ind2=" ">
      <subfield code="a">BIB_RECT</subfield>
      <subfield code="b">BIB_UARG</subfield>
      <subfield code="d">2009-04-20</subfield>
      <subfield code="y">BK</subfield>
      <subfield code="p">05-37558</subfield>
      <subfield code="i">05-37558</subfield>
      <subfield code="g">28</subfield>
      <subfield code="o">638.1 A642a</subfield>
      <subfield code="e">Donación Sec. Ext. Universitaria/08</subfield>
      <subfield code="8">CG</subfield>
    </datafield>
    <datafield tag="952" ind1=" " ind2=" ">
      <subfield code="a">BIB_RECT</subfield>
      <subfield code="b">BIB_UARG</subfield>
      <subfield code="d">2009-04-20</subfield>
      <subfield code="y">BK</subfield>
      <subfield code="p">05-37559</subfield>
      <subfield code="i">05-37559</subfield>
      <subfield code="g">28</subfield>
      <subfield code="o">638.1 A642a</subfield>
      <subfield code="e">Donación Sec. Ext. Universitaria/08</subfield>
      <subfield code="8">CG</subfield>
    </datafield>
  </record>