
  <record>
    <leader>01000aam  22002601a 4500</leader>
    <controlfield tag="001">YPZ91044</controlfield>
    <controlfield tag="003">YPZ</controlfield>
    <controlfield tag="005">200904291356270</controlfield>
    <controlfield tag="008">090429|###########||||||b||||||||||spa|d</controlfield>
    <datafield tag="020" ind1=" " ind2=" ">
      <subfield code="a">9788497565936</subfield>
    </datafield>
    <datafield tag="040" ind1=" " ind2=" ">
      <subfield code="c">SIUNPA</subfield>
    </datafield>
    <datafield tag="041" ind1=" " ind2=" ">
      <subfield code="a">spa</subfield>
    </datafield>
    <datafield tag="044" ind1=" " ind2=" ">
      <subfield code="a">ES</subfield>
    </datafield>
    <datafield tag="080" ind1=" " ind2=" ">
      <subfield code="a">372.800.4 S165m</subfield>
    </datafield>
    <datafield tag="100" ind1=" " ind2=" ">
      <subfield code="a">Salinas, Jesús.</subfield>
    </datafield>
    <datafield tag="700" ind1=" " ind2=" ">
      <subfield code="a">Pérez, Adolfina.</subfield>
    </datafield>
    <datafield tag="700" ind1=" " ind2=" ">
      <subfield code="a">Benito, Bárbara de.</subfield>
    </datafield>
    <datafield tag="245" ind1=" " ind2=" ">
      <subfield code="a">Metodologías centradas en el alumno para el aprendizaje en red</subfield>
    </datafield>
    <datafield tag="260" ind1=" " ind2=" ">
      <subfield code="a">Madrid</subfield>
      <subfield code="b"> : Sintesis</subfield>
      <subfield code="c"> , 2008</subfield>
    </datafield>
    <datafield tag="500" ind1=" " ind2=" ">
      <subfield code="a">Subtítulo de la cubierta: Cambios metodológicos en los procesos de enseñanza-aprendizaje mediados por tecnologías - Metodologías para el aprendizaje en red - Estrategias didácticas centradas en el alumno - La evaluación - El método de proyectos - Estudio de casos - Aprendizaje basado en problemas - Aprendizaje basado en la investigación social y el trabajo colaborativo - Perspectivas y reflexiones sobre las nuevas metodologías</subfield>
    </datafield>
    <datafield tag="650" ind1=" " ind2=" ">
      <subfield code="a"> TECNOLOGIA EDUCACIONAL</subfield>
    </datafield>
    <datafield tag="650" ind1=" " ind2=" ">
      <subfield code="a"> ENSEÑANZA DE LA INFORMATICA</subfield>
    </datafield>
    <datafield tag="650" ind1=" " ind2=" ">
      <subfield code="a"> APRENDIZAJE </subfield>
    </datafield>
    <datafield tag="650" ind1=" " ind2=" ">
      <subfield code="a"> INTERNET</subfield>
    </datafield>
    <datafield tag="650" ind1=" " ind2=" ">
      <subfield code="a"> ESTUDIO DE CASOS</subfield>
    </datafield>
    <datafield tag="650" ind1=" " ind2=" ">
      <subfield code="a"> METODOS DE ENSEÑANZA</subfield>
    </datafield>
    <datafield tag="942" ind1=" " ind2=" ">
      <subfield code="c">BK</subfield>
    </datafield>
    <datafield tag="952" ind1=" " ind2=" ">
      <subfield code="a">BIB_RECT</subfield>
      <subfield code="b">BIB_UACO</subfield>
      <subfield code="d">2009-04-29</subfield>
      <subfield code="y">BK</subfield>
      <subfield code="p">02-37643</subfield>
      <subfield code="i">02-37643</subfield>
      <subfield code="g">49</subfield>
      <subfield code="o">372.800.4 S165m</subfield>
      <subfield code="e">Donación Univ. de las Islas Baleares</subfield>
      <subfield code="8">CG</subfield>
    </datafield>
    <datafield tag="952" ind1=" " ind2=" ">
      <subfield code="a">BIB_RECT</subfield>
      <subfield code="b">BIB_UART</subfield>
      <subfield code="d">2009-04-28</subfield>
      <subfield code="y">BK</subfield>
      <subfield code="p">03-37650</subfield>
      <subfield code="i">03-37650</subfield>
      <subfield code="g">49</subfield>
      <subfield code="o">372.800.4 S165m</subfield>
      <subfield code="e">Donación Univ. de Las Islas Baleares</subfield>
      <subfield code="8">CG</subfield>
    </datafield>
    <datafield tag="952" ind1=" " ind2=" ">
      <subfield code="a">BIB_RECT</subfield>
      <subfield code="b">BIB_UASJ</subfield>
      <subfield code="d">2009-04-29</subfield>
      <subfield code="y">BK</subfield>
      <subfield code="p">04-37634</subfield>
      <subfield code="i">04-37634</subfield>
      <subfield code="g">49</subfield>
      <subfield code="o">372.800.4 S165m</subfield>
      <subfield code="e">Donación Univ. de las Islas Baleares</subfield>
      <subfield code="8">CG</subfield>
    </datafield>
    <datafield tag="952" ind1=" " ind2=" ">
      <subfield code="a">BIB_RECT</subfield>
      <subfield code="b">BIB_UARG</subfield>
      <subfield code="d">2009-04-28</subfield>
      <subfield code="y">BK</subfield>
      <subfield code="p">05-37656</subfield>
      <subfield code="i">05-37656</subfield>
      <subfield code="g">49</subfield>
      <subfield code="o">372.800.4 S165m</subfield>
      <subfield code="e">Donación Univ. de las Islas Baleares</subfield>
      <subfield code="8">CG</subfield>
    </datafield>
  </record>