
  <record>
    <leader>01000aam  22002601a 4500</leader>
    <controlfield tag="001">YPZ91045</controlfield>
    <controlfield tag="003">YPZ</controlfield>
    <controlfield tag="005">200904291432520</controlfield>
    <controlfield tag="008">090429|###########||||||b||||||||||spa|d</controlfield>
    <datafield tag="020" ind1=" " ind2=" ">
      <subfield code="a">9788497565943</subfield>
    </datafield>
    <datafield tag="040" ind1=" " ind2=" ">
      <subfield code="c">SIUNPA</subfield>
    </datafield>
    <datafield tag="041" ind1=" " ind2=" ">
      <subfield code="a">spa</subfield>
    </datafield>
    <datafield tag="044" ind1=" " ind2=" ">
      <subfield code="a">ES</subfield>
    </datafield>
    <datafield tag="080" ind1=" " ind2=" ">
      <subfield code="a">372.800.4 A678a</subfield>
    </datafield>
    <datafield tag="100" ind1=" " ind2=" ">
      <subfield code="a">Area Moreira, Manuel.</subfield>
    </datafield>
    <datafield tag="700" ind1=" " ind2=" ">
      <subfield code="a">Gros Salvat, Begoña.</subfield>
    </datafield>
    <datafield tag="700" ind1=" " ind2=" ">
      <subfield code="a">Marzal García-Quismondo, Miguel Ángel.</subfield>
    </datafield>
    <datafield tag="245" ind1=" " ind2=" ">
      <subfield code="a">Alfabetizaciones y tecnologías de la información y la comunicación</subfield>
    </datafield>
    <datafield tag="260" ind1=" " ind2=" ">
      <subfield code="a">Madrid</subfield>
      <subfield code="b"> : Sintesis</subfield>
      <subfield code="c"> , 2008</subfield>
    </datafield>
    <datafield tag="500" ind1=" " ind2=" ">
      <subfield code="a">Subtítulo de la cubierta: La alfabetización en la sociedad informacional - El multialfabetismo - La multialfabetización en la educación escolar - TIC y alfabetización en la educación no formal - Tecnologías y multialfabetización en la educación de adultos - La Alfabetización digital en la formación del profesorado</subfield>
    </datafield>
    <datafield tag="650" ind1=" " ind2=" ">
      <subfield code="a"> ALFABETIZACION DIGITAL</subfield>
    </datafield>
    <datafield tag="650" ind1=" " ind2=" ">
      <subfield code="a"> TECNOLOGIA DE LA INFORMACION</subfield>
    </datafield>
    <datafield tag="650" ind1=" " ind2=" ">
      <subfield code="a"> TECNOLOGIA EDUCACIONAL</subfield>
    </datafield>
    <datafield tag="650" ind1=" " ind2=" ">
      <subfield code="a"> EDUCACION Y DESARROLLO </subfield>
    </datafield>
    <datafield tag="650" ind1=" " ind2=" ">
      <subfield code="a"> INTERNET</subfield>
    </datafield>
    <datafield tag="650" ind1=" " ind2=" ">
      <subfield code="a"> EDUCACION NO FORMAL</subfield>
    </datafield>
    <datafield tag="942" ind1=" " ind2=" ">
      <subfield code="c">BK</subfield>
    </datafield>
    <datafield tag="952" ind1=" " ind2=" ">
      <subfield code="a">BIB_RECT</subfield>
      <subfield code="b">BIB_UACO</subfield>
      <subfield code="d">2009-04-29</subfield>
      <subfield code="y">BK</subfield>
      <subfield code="p">02-37645</subfield>
      <subfield code="i">02-37645</subfield>
      <subfield code="g">45</subfield>
      <subfield code="o">372.800.4 A678a</subfield>
      <subfield code="e">Donación Univ. de las Islas Baleares</subfield>
      <subfield code="8">CG</subfield>
    </datafield>
    <datafield tag="952" ind1=" " ind2=" ">
      <subfield code="a">BIB_RECT</subfield>
      <subfield code="b">BIB_UART</subfield>
      <subfield code="d">2009-04-28</subfield>
      <subfield code="y">BK</subfield>
      <subfield code="p">03-37648</subfield>
      <subfield code="i">03-37648</subfield>
      <subfield code="g">49</subfield>
      <subfield code="o">372.800.4 A678a</subfield>
      <subfield code="e">Donación Univ. de Las Islas Baleares</subfield>
      <subfield code="8">CG</subfield>
    </datafield>
    <datafield tag="952" ind1=" " ind2=" ">
      <subfield code="a">BIB_RECT</subfield>
      <subfield code="b">BIB_UASJ</subfield>
      <subfield code="d">2009-04-29</subfield>
      <subfield code="y">BK</subfield>
      <subfield code="p">04-37635</subfield>
      <subfield code="i">04-37635</subfield>
      <subfield code="g">45</subfield>
      <subfield code="o">372.800.4 A678a</subfield>
      <subfield code="e">Donación Univ. de las Islas Baleares</subfield>
      <subfield code="8">CG</subfield>
    </datafield>
  </record>