
  <record>
    <leader>01000aam  22002601a 4500</leader>
    <controlfield tag="001">YPZ91078</controlfield>
    <controlfield tag="003">YPZ</controlfield>
    <controlfield tag="005">200905071219250</controlfield>
    <controlfield tag="008">090507|###########||||||b||||||||||spa|d</controlfield>
    <datafield tag="020" ind1=" " ind2=" ">
      <subfield code="a">8476587082</subfield>
    </datafield>
    <datafield tag="040" ind1=" " ind2=" ">
      <subfield code="c">SIUNPA</subfield>
    </datafield>
    <datafield tag="041" ind1=" " ind2=" ">
      <subfield code="a">spa</subfield>
    </datafield>
    <datafield tag="044" ind1=" " ind2=" ">
      <subfield code="a">ES</subfield>
    </datafield>
    <datafield tag="080" ind1=" " ind2=" ">
      <subfield code="a">316.7 B347m</subfield>
    </datafield>
    <datafield tag="100" ind1=" " ind2=" ">
      <subfield code="a">Bauman, Zygmunt.</subfield>
    </datafield>
    <datafield tag="245" ind1=" " ind2=" ">
      <subfield code="a">Modernidad y ambivalencia</subfield>
      <subfield code="c"> / Aguiluz Ibargüen, Maya, ed. a cargo ; Aguiluz Ibargüen, Maya, tr. ; Aguiluz Ibargüen, Enrique, tr. ; Cervantes, Lorena, tr.</subfield>
    </datafield>
    <datafield tag="250" ind1=" " ind2=" ">
      <subfield code="a">1a ed.</subfield>
    </datafield>
    <datafield tag="260" ind1=" " ind2=" ">
      <subfield code="a">Barcelona</subfield>
      <subfield code="b"> : Anthropos</subfield>
      <subfield code="c"> , 2005</subfield>
    </datafield>
    <datafield tag="440" ind1=" " ind2=" ">
      <subfield code="a">Colección desarrollo social y sociedad</subfield>
      <subfield code="a">Teatro y danza</subfield>
      <subfield code="a">Reuniones</subfield>
      <subfield code="a">Centro de Estudios Sociológicos</subfield>
      <subfield code="a">Autores, textos y temas. Ciencias Sociales</subfield>
      <subfield code="v">44</subfield>
    </datafield>
    <datafield tag="490" ind1=" " ind2=" ">
      <subfield code="a">Colección desarrollo social y sociedad</subfield>
      <subfield code="a">Teatro y danza</subfield>
      <subfield code="a">Reuniones</subfield>
      <subfield code="a">Centro de Estudios Sociológicos</subfield>
      <subfield code="a">Autores, textos y temas. Ciencias Sociales</subfield>
      <subfield code="v">44</subfield>
    </datafield>
    <datafield tag="650" ind1=" " ind2=" ">
      <subfield code="a"> SOCIOLOGIA DE LA CULTURA</subfield>
    </datafield>
    <datafield tag="650" ind1=" " ind2=" ">
      <subfield code="a"> MODERNIDAD</subfield>
    </datafield>
    <datafield tag="650" ind1=" " ind2=" ">
      <subfield code="a"> POSTMODERNIDAD</subfield>
    </datafield>
    <datafield tag="650" ind1=" " ind2=" ">
      <subfield code="a"> ESTUDIO DE CASOS</subfield>
    </datafield>
    <datafield tag="942" ind1=" " ind2=" ">
      <subfield code="c">BK</subfield>
    </datafield>
    <datafield tag="952" ind1=" " ind2=" ">
      <subfield code="a">BIB_RECT</subfield>
      <subfield code="b">BIB_UARG</subfield>
      <subfield code="d">2009-05-06</subfield>
      <subfield code="y">BK</subfield>
      <subfield code="p">05-37695</subfield>
      <subfield code="i">05-37695</subfield>
      <subfield code="g">170</subfield>
      <subfield code="o">316.7 B347m</subfield>
      <subfield code="e">PI/29A 163</subfield>
      <subfield code="8">CG</subfield>
    </datafield>
  </record>