
  <record>
    <leader>01000aam  22002601a 4500</leader>
    <controlfield tag="001">YPZ91080</controlfield>
    <controlfield tag="003">YPZ</controlfield>
    <controlfield tag="005">200905071322370</controlfield>
    <controlfield tag="008">090507|###########||||||b||||||||||spa|d</controlfield>
    <datafield tag="020" ind1=" " ind2=" ">
      <subfield code="a">9789879094938</subfield>
    </datafield>
    <datafield tag="040" ind1=" " ind2=" ">
      <subfield code="c">SIUNPA</subfield>
    </datafield>
    <datafield tag="041" ind1=" " ind2=" ">
      <subfield code="a">spa</subfield>
    </datafield>
    <datafield tag="044" ind1=" " ind2=" ">
      <subfield code="a">AR</subfield>
    </datafield>
    <datafield tag="080" ind1=" " ind2=" ">
      <subfield code="a">65.01 A473a2</subfield>
    </datafield>
    <datafield tag="100" ind1=" " ind2=" ">
      <subfield code="a">Alvarez, Héctor Felipe.</subfield>
    </datafield>
    <datafield tag="245" ind1=" " ind2=" ">
      <subfield code="a">Administración</subfield>
      <subfield code="b"> : un enfoque interdisciplinario y competitivo</subfield>
    </datafield>
    <datafield tag="250" ind1=" " ind2=" ">
      <subfield code="a">2a ed. corr.</subfield>
    </datafield>
    <datafield tag="260" ind1=" " ind2=" ">
      <subfield code="a">Córdoba</subfield>
      <subfield code="b"> : Eudecor</subfield>
      <subfield code="c"> , 2007</subfield>
    </datafield>
    <datafield tag="650" ind1=" " ind2=" ">
      <subfield code="a"> ADMINISTRACION DE EMPRESAS  ORGANIZACION ADMINISTRATIVA</subfield>
    </datafield>
    <datafield tag="650" ind1=" " ind2=" ">
      <subfield code="a"> GESTION EMPRESARIAL </subfield>
    </datafield>
    <datafield tag="650" ind1=" " ind2=" ">
      <subfield code="a"> TOMA DE DECISIONES</subfield>
    </datafield>
    <datafield tag="650" ind1=" " ind2=" ">
      <subfield code="a"> GESTION ADMINISTRATIVA</subfield>
    </datafield>
    <datafield tag="650" ind1=" " ind2=" ">
      <subfield code="a"> METODOS DE GESTION</subfield>
    </datafield>
    <datafield tag="650" ind1=" " ind2=" ">
      <subfield code="a"> TEORIA DE LA ORGANIZACION</subfield>
    </datafield>
    <datafield tag="942" ind1=" " ind2=" ">
      <subfield code="c">BK</subfield>
    </datafield>
    <datafield tag="952" ind1=" " ind2=" ">
      <subfield code="a">BIB_RECT</subfield>
      <subfield code="b">BIB_UACO</subfield>
      <subfield code="d">2009-05-06</subfield>
      <subfield code="y">BK</subfield>
      <subfield code="p">02-37674</subfield>
      <subfield code="i">02-37674</subfield>
      <subfield code="g">70</subfield>
      <subfield code="o">65.01 A473a2</subfield>
      <subfield code="e">Compra UACO</subfield>
      <subfield code="8">CG</subfield>
    </datafield>
    <datafield tag="952" ind1=" " ind2=" ">
      <subfield code="a">BIB_RECT</subfield>
      <subfield code="b">BIB_UACO</subfield>
      <subfield code="d">2009-05-06</subfield>
      <subfield code="y">BK</subfield>
      <subfield code="p">02-37675</subfield>
      <subfield code="i">02-37675</subfield>
      <subfield code="g">70</subfield>
      <subfield code="o">65.01 A473a2</subfield>
      <subfield code="e">Compra UACO</subfield>
      <subfield code="8">CG</subfield>
    </datafield>
    <datafield tag="952" ind1=" " ind2=" ">
      <subfield code="a">BIB_RECT</subfield>
      <subfield code="b">BIB_UACO</subfield>
      <subfield code="d">2009-05-07</subfield>
      <subfield code="y">BK</subfield>
      <subfield code="p">02-37676</subfield>
      <subfield code="i">02-37676</subfield>
      <subfield code="g">70</subfield>
      <subfield code="o">65.01 A473a2</subfield>
      <subfield code="e">Compra UACO</subfield>
      <subfield code="8">CG</subfield>
    </datafield>
    <datafield tag="952" ind1=" " ind2=" ">
      <subfield code="a">BIB_RECT</subfield>
      <subfield code="b">BIB_UACO</subfield>
      <subfield code="d">2009-05-06</subfield>
      <subfield code="y">BK</subfield>
      <subfield code="p">02-37677</subfield>
      <subfield code="i">02-37677</subfield>
      <subfield code="g">70</subfield>
      <subfield code="o">65.01 A473a2</subfield>
      <subfield code="e">Compra UACO</subfield>
      <subfield code="8">CG</subfield>
    </datafield>
    <datafield tag="952" ind1=" " ind2=" ">
      <subfield code="a">BIB_RECT</subfield>
      <subfield code="b">BIB_UACO</subfield>
      <subfield code="d">2009-05-06</subfield>
      <subfield code="y">BK</subfield>
      <subfield code="p">02-37678</subfield>
      <subfield code="i">02-37678</subfield>
      <subfield code="g">70</subfield>
      <subfield code="o">65.01 A473a2</subfield>
      <subfield code="e">Compra UACO</subfield>
      <subfield code="8">CG</subfield>
    </datafield>
    <datafield tag="952" ind1=" " ind2=" ">
      <subfield code="a">BIB_RECT</subfield>
      <subfield code="b">BIB_UACO</subfield>
      <subfield code="d">2009-05-06</subfield>
      <subfield code="y">BK</subfield>
      <subfield code="p">02-37679</subfield>
      <subfield code="i">02-37679</subfield>
      <subfield code="g">70</subfield>
      <subfield code="o">65.01 A473a2</subfield>
      <subfield code="e">Compra UACO</subfield>
      <subfield code="8">CG</subfield>
    </datafield>
    <datafield tag="952" ind1=" " ind2=" ">
      <subfield code="a">BIB_RECT</subfield>
      <subfield code="b">BIB_UACO</subfield>
      <subfield code="d">2009-05-06</subfield>
      <subfield code="y">BK</subfield>
      <subfield code="p">02-37680</subfield>
      <subfield code="i">02-37680</subfield>
      <subfield code="g">70</subfield>
      <subfield code="o">65.01 A473a2</subfield>
      <subfield code="e">Compra UACO</subfield>
      <subfield code="8">CG</subfield>
    </datafield>
    <datafield tag="952" ind1=" " ind2=" ">
      <subfield code="a">BIB_RECT</subfield>
      <subfield code="b">BIB_UACO</subfield>
      <subfield code="d">2009-05-06</subfield>
      <subfield code="y">BK</subfield>
      <subfield code="p">02-37681</subfield>
      <subfield code="i">02-37681</subfield>
      <subfield code="g">70</subfield>
      <subfield code="o">65.01 A473a2</subfield>
      <subfield code="e">Compra UACO</subfield>
      <subfield code="8">CG</subfield>
    </datafield>
    <datafield tag="952" ind1=" " ind2=" ">
      <subfield code="a">BIB_RECT</subfield>
      <subfield code="b">BIB_UACO</subfield>
      <subfield code="d">2009-05-06</subfield>
      <subfield code="y">BK</subfield>
      <subfield code="p">02-37682</subfield>
      <subfield code="i">02-37682</subfield>
      <subfield code="g">70</subfield>
      <subfield code="o">65.01 A473a2</subfield>
      <subfield code="e">Compra UACO</subfield>
      <subfield code="8">CG</subfield>
    </datafield>
    <datafield tag="952" ind1=" " ind2=" ">
      <subfield code="a">BIB_RECT</subfield>
      <subfield code="b">BIB_UACO</subfield>
      <subfield code="d">2009-05-06</subfield>
      <subfield code="y">BK</subfield>
      <subfield code="p">02-37683</subfield>
      <subfield code="i">02-37683</subfield>
      <subfield code="g">70</subfield>
      <subfield code="o">65.01 A473a2</subfield>
      <subfield code="e">Compra UACO</subfield>
      <subfield code="8">CG</subfield>
    </datafield>
    <datafield tag="952" ind1=" " ind2=" ">
      <subfield code="a">BIB_RECT</subfield>
      <subfield code="b">BIB_UACO</subfield>
      <subfield code="d">2009-05-06</subfield>
      <subfield code="y">BK</subfield>
      <subfield code="p">02-37684</subfield>
      <subfield code="i">02-37684</subfield>
      <subfield code="g">70</subfield>
      <subfield code="o">65.01 A473a2</subfield>
      <subfield code="e">Compra UACO</subfield>
      <subfield code="8">CG</subfield>
    </datafield>
    <datafield tag="952" ind1=" " ind2=" ">
      <subfield code="a">BIB_RECT</subfield>
      <subfield code="b">BIB_UACO</subfield>
      <subfield code="d">2009-05-06</subfield>
      <subfield code="y">BK</subfield>
      <subfield code="p">02-37685</subfield>
      <subfield code="i">02-37685</subfield>
      <subfield code="g">70</subfield>
      <subfield code="o">65.01 A473a2</subfield>
      <subfield code="e">Compra UACO</subfield>
      <subfield code="8">CG</subfield>
    </datafield>
    <datafield tag="952" ind1=" " ind2=" ">
      <subfield code="a">BIB_RECT</subfield>
      <subfield code="b">BIB_UACO</subfield>
      <subfield code="d">2009-05-06</subfield>
      <subfield code="y">BK</subfield>
      <subfield code="p">02-37686</subfield>
      <subfield code="i">02-37686</subfield>
      <subfield code="g">70</subfield>
      <subfield code="o">65.01 A473a2</subfield>
      <subfield code="e">Compra UACO</subfield>
      <subfield code="8">CG</subfield>
    </datafield>
    <datafield tag="952" ind1=" " ind2=" ">
      <subfield code="a">BIB_RECT</subfield>
      <subfield code="b">BIB_UACO</subfield>
      <subfield code="d">2009-05-06</subfield>
      <subfield code="y">BK</subfield>
      <subfield code="p">02-37687</subfield>
      <subfield code="i">02-37687</subfield>
      <subfield code="g">70</subfield>
      <subfield code="o">65.01 A473a2</subfield>
      <subfield code="e">Compra UACO</subfield>
      <subfield code="8">CG</subfield>
    </datafield>
    <datafield tag="952" ind1=" " ind2=" ">
      <subfield code="a">BIB_RECT</subfield>
      <subfield code="b">BIB_UACO</subfield>
      <subfield code="d">2009-05-06</subfield>
      <subfield code="y">BK</subfield>
      <subfield code="p">02-37688</subfield>
      <subfield code="i">02-37688</subfield>
      <subfield code="g">70</subfield>
      <subfield code="o">65.01 A473a2</subfield>
      <subfield code="e">Compra UACO</subfield>
      <subfield code="8">CG</subfield>
    </datafield>
    <datafield tag="952" ind1=" " ind2=" ">
      <subfield code="a">BIB_RECT</subfield>
      <subfield code="b">BIB_UACO</subfield>
      <subfield code="d">2009-05-06</subfield>
      <subfield code="y">BK</subfield>
      <subfield code="p">02-37689</subfield>
      <subfield code="i">02-37689</subfield>
      <subfield code="g">70</subfield>
      <subfield code="o">65.01 A473a2</subfield>
      <subfield code="e">Compra UACO</subfield>
      <subfield code="8">CG</subfield>
    </datafield>
    <datafield tag="952" ind1=" " ind2=" ">
      <subfield code="a">BIB_RECT</subfield>
      <subfield code="b">BIB_UACO</subfield>
      <subfield code="d">2009-05-06</subfield>
      <subfield code="y">BK</subfield>
      <subfield code="p">02-37690</subfield>
      <subfield code="i">02-37690</subfield>
      <subfield code="g">70</subfield>
      <subfield code="o">65.01 A473a2</subfield>
      <subfield code="e">Compra UACO</subfield>
      <subfield code="8">CG</subfield>
    </datafield>
    <datafield tag="952" ind1=" " ind2=" ">
      <subfield code="a">BIB_RECT</subfield>
      <subfield code="b">BIB_UACO</subfield>
      <subfield code="d">2009-05-06</subfield>
      <subfield code="y">BK</subfield>
      <subfield code="p">02-37691</subfield>
      <subfield code="i">02-37691</subfield>
      <subfield code="g">70</subfield>
      <subfield code="o">65.01 A473a2</subfield>
      <subfield code="e">Compra UACO</subfield>
      <subfield code="8">CG</subfield>
    </datafield>
    <datafield tag="952" ind1=" " ind2=" ">
      <subfield code="a">BIB_RECT</subfield>
      <subfield code="b">BIB_UACO</subfield>
      <subfield code="d">2009-05-06</subfield>
      <subfield code="y">BK</subfield>
      <subfield code="p">02-37692</subfield>
      <subfield code="i">02-37692</subfield>
      <subfield code="g">70</subfield>
      <subfield code="o">65.01 A473a2</subfield>
      <subfield code="e">Compra UACO</subfield>
      <subfield code="8">CG</subfield>
    </datafield>
    <datafield tag="952" ind1=" " ind2=" ">
      <subfield code="a">BIB_RECT</subfield>
      <subfield code="b">BIB_UACO</subfield>
      <subfield code="d">2009-05-06</subfield>
      <subfield code="y">BK</subfield>
      <subfield code="p">02-37693</subfield>
      <subfield code="i">02-37693</subfield>
      <subfield code="g">70</subfield>
      <subfield code="o">65.01 A473a2</subfield>
      <subfield code="e">Compra UACO</subfield>
      <subfield code="8">CG</subfield>
    </datafield>
  </record>