
  <record>
    <leader>01000aam  22002601a 4500</leader>
    <controlfield tag="001">YPZ91118</controlfield>
    <controlfield tag="003">YPZ</controlfield>
    <controlfield tag="005">200905151146280</controlfield>
    <controlfield tag="008">090515|###########||||||b||||||||||spa|d</controlfield>
    <datafield tag="020" ind1=" " ind2=" ">
      <subfield code="a">9788446023999</subfield>
    </datafield>
    <datafield tag="040" ind1=" " ind2=" ">
      <subfield code="c">SIUNPA</subfield>
    </datafield>
    <datafield tag="041" ind1=" " ind2=" ">
      <subfield code="a">spa</subfield>
    </datafield>
    <datafield tag="044" ind1=" " ind2=" ">
      <subfield code="a">AR</subfield>
    </datafield>
    <datafield tag="080" ind1=" " ind2=" ">
      <subfield code="a">821.133.1 R864j</subfield>
    </datafield>
    <datafield tag="100" ind1=" " ind2=" ">
      <subfield code="a">Rousseau, Jean-Jacques.</subfield>
    </datafield>
    <datafield tag="245" ind1=" " ind2=" ">
      <subfield code="a">Julia, o La nueva Eloísa</subfield>
      <subfield code="c"> / Ruiz Ortega, Pilar, tr.</subfield>
    </datafield>
    <datafield tag="260" ind1=" " ind2=" ">
      <subfield code="a">Madrid</subfield>
      <subfield code="b"> : Akal</subfield>
      <subfield code="c"> , 2007</subfield>
    </datafield>
    <datafield tag="440" ind1=" " ind2=" ">
      <subfield code="a">The Addison-Wesley object technology series</subfield>
      <subfield code="a">Cuestiones de educación</subfield>
      <subfield code="a">Sociología y política</subfield>
      <subfield code="a">Filosofía y ensayo</subfield>
      <subfield code="a">Sección de obras de Filosofía</subfield>
      <subfield code="a">Colección mínima</subfield>
      <subfield code="a">Colección manuales imprescindibles</subfield>
      <subfield code="a">Libros del arquero</subfield>
      <subfield code="a">Serie Jornadas y Congresos</subfield>
      <subfield code="a">Básica de bolsillo Akal. Serie clásicos de la literatura francesa</subfield>
      <subfield code="v">131</subfield>
    </datafield>
    <datafield tag="490" ind1=" " ind2=" ">
      <subfield code="a">The Addison-Wesley object technology series</subfield>
      <subfield code="a">Cuestiones de educación</subfield>
      <subfield code="a">Sociología y política</subfield>
      <subfield code="a">Filosofía y ensayo</subfield>
      <subfield code="a">Sección de obras de Filosofía</subfield>
      <subfield code="a">Colección mínima</subfield>
      <subfield code="a">Colección manuales imprescindibles</subfield>
      <subfield code="a">Libros del arquero</subfield>
      <subfield code="a">Serie Jornadas y Congresos</subfield>
      <subfield code="a">Básica de bolsillo Akal. Serie clásicos de la literatura francesa</subfield>
      <subfield code="v">131</subfield>
    </datafield>
    <datafield tag="650" ind1=" " ind2=" ">
      <subfield code="a"> LITERATURA FRANCESA</subfield>
    </datafield>
    <datafield tag="942" ind1=" " ind2=" ">
      <subfield code="c">BK</subfield>
    </datafield>
    <datafield tag="952" ind1=" " ind2=" ">
      <subfield code="a">BIB_RECT</subfield>
      <subfield code="b">BIB_UARG</subfield>
      <subfield code="d">2009-05-14</subfield>
      <subfield code="y">BK</subfield>
      <subfield code="p">05-37714</subfield>
      <subfield code="i">05-37714</subfield>
      <subfield code="g">63</subfield>
      <subfield code="o">821.133.1 R864j</subfield>
      <subfield code="e">Subsidio presencial</subfield>
      <subfield code="8">CG</subfield>
    </datafield>
  </record>