
  <record>
    <leader>01000aam  22002601a 4500</leader>
    <controlfield tag="001">YPZ91128</controlfield>
    <controlfield tag="003">YPZ</controlfield>
    <controlfield tag="005">200905181342480</controlfield>
    <controlfield tag="008">090518|###########||||||b||||||||||spa|d</controlfield>
    <datafield tag="040" ind1=" " ind2=" ">
      <subfield code="c">SIUNPA</subfield>
    </datafield>
    <datafield tag="041" ind1=" " ind2=" ">
      <subfield code="a">spa</subfield>
    </datafield>
    <datafield tag="044" ind1=" " ind2=" ">
      <subfield code="a">AR</subfield>
    </datafield>
    <datafield tag="080" ind1=" " ind2=" ">
      <subfield code="a">639.2 F273p</subfield>
    </datafield>
    <datafield tag="100" ind1=" " ind2=" ">
      <subfield code="a">Favero, Marco.</subfield>
    </datafield>
    <datafield tag="700" ind1=" " ind2=" ">
      <subfield code="a">Gandini, Patricia A..</subfield>
    </datafield>
    <datafield tag="245" ind1=" " ind2=" ">
      <subfield code="a">Plan nacional de acción para la reducción de la mortalidad incidental de aves en pesquerías</subfield>
    </datafield>
    <datafield tag="260" ind1=" " ind2=" ">
      <subfield code="a">Buenos Aires</subfield>
      <subfield code="b"> : Universidad Nacional de Mar del Plata</subfield>
      <subfield code="b"> : Universidad Nacional de la Patagonia Austral, UNPA</subfield>
      <subfield code="b"> : Consejo Nacional de Investigaciones Científicas y Técnicas, CONICET</subfield>
      <subfield code="b"> : Wildlife Conservation Society</subfield>
      <subfield code="c"> , 2007</subfield>
    </datafield>
    <datafield tag="300" ind1=" " ind2=" ">
      <subfield code="a">xxxiii, 252 p. : </subfield>
      <subfield code="a">348 p. : </subfield>
      <subfield code="a">190 p. : </subfield>
      <subfield code="a">127 p. : </subfield>
      <subfield code="b">il. ; </subfield>
      <subfield code="a">xxix, 329 p. : </subfield>
      <subfield code="b">il. ; </subfield>
      <subfield code="a">195 p. : </subfield>
      <subfield code="a">176 p. : </subfield>
      <subfield code="a">296 p. : </subfield>
      <subfield code="b">il. ; </subfield>
      <subfield code="a">553 p. : </subfield>
      <subfield code="a">882 p. : </subfield>
      <subfield code="b">il. ; </subfield>
      <subfield code="a">343 p. : </subfield>
      <subfield code="b">il. ; </subfield>
      <subfield code="a">133 p. : </subfield>
      <subfield code="b">il. ; </subfield>
      <subfield code="a">170 p. : </subfield>
      <subfield code="b">il. ; </subfield>
      <subfield code="a">262 p. : </subfield>
      <subfield code="a">376 p. : </subfield>
      <subfield code="a">251 p. : </subfield>
      <subfield code="a">ix, 314 p. : </subfield>
      <subfield code="a">87 p. : </subfield>
      <subfield code="b">il. ; </subfield>
      <subfield code="a">357 p. : </subfield>
      <subfield code="a">338 p. : </subfield>
      <subfield code="a">219 p. : </subfield>
      <subfield code="b">cuadros ; </subfield>
      <subfield code="a">254 p. : </subfield>
      <subfield code="a">v, 463 p. : </subfield>
      <subfield code="b">cuadros ; </subfield>
      <subfield code="a">[vii], 301 p. : </subfield>
      <subfield code="b">il. ; </subfield>
      <subfield code="a">220 p. : </subfield>
      <subfield code="a">144 p. : </subfield>
      <subfield code="b">cuadros ; </subfield>
      <subfield code="a">viii, 292 p. : </subfield>
      <subfield code="a">246 p. : </subfield>
      <subfield code="b">il. ; </subfield>
      <subfield code="a">xxviii, 197 p. : </subfield>
      <subfield code="b">il. ; </subfield>
      <subfield code="a">viii, 151 p. : </subfield>
      <subfield code="a">186 p. : </subfield>
      <subfield code="a">132 p. : </subfield>
      <subfield code="a">248 p. : </subfield>
      <subfield code="a">290 p. : </subfield>
      <subfield code="b">il. ; </subfield>
      <subfield code="a">106 p. : </subfield>
      <subfield code="b">il. ; </subfield>
      <subfield code="a">459 p. : </subfield>
      <subfield code="a">240 p. : </subfield>
      <subfield code="a">366 p. : </subfield>
      <subfield code="b">il. ; </subfield>
      <subfield code="a">216 p. : </subfield>
      <subfield code="a">vii, 453 p. : </subfield>
      <subfield code="a">363 p. : </subfield>
      <subfield code="a">xi, 155 p. : </subfield>
      <subfield code="b">il. ; </subfield>
      <subfield code="a">215 p. : </subfield>
      <subfield code="a">418 p. : </subfield>
      <subfield code="b">il. ; </subfield>
      <subfield code="a">449 p. : </subfield>
      <subfield code="a">v. : </subfield>
      <subfield code="a">v. : </subfield>
      <subfield code="a">310 p. : </subfield>
      <subfield code="a">231 p. : </subfield>
      <subfield code="b">il. ; </subfield>
      <subfield code="a">xviii, 295 p. : </subfield>
      <subfield code="b">il. ; </subfield>
      <subfield code="a">271 p. : </subfield>
      <subfield code="a">167 p., [18] h. : </subfield>
      <subfield code="b">il., láms. ; </subfield>
      <subfield code="a">240 p. : </subfield>
      <subfield code="b">cuadros ; </subfield>
      <subfield code="a">116 p. : </subfield>
      <subfield code="b">il. ; </subfield>
      <subfield code="a">632 p. : </subfield>
      <subfield code="a">266 p. : </subfield>
      <subfield code="b">cuadros ; </subfield>
      <subfield code="a">xvii, 343 p. : </subfield>
      <subfield code="b">il. ; </subfield>
      <subfield code="a">43 p. : </subfield>
      <subfield code="a">180 p. : </subfield>
      <subfield code="b">il. ; </subfield>
      <subfield code="a">335 p. : </subfield>
      <subfield code="a">244 p. : </subfield>
      <subfield code="b">il. ; </subfield>
      <subfield code="a">77 p. : </subfield>
      <subfield code="b">il. ; </subfield>
      <subfield code="a">221 p. : </subfield>
      <subfield code="b">il. ; </subfield>
      <subfield code="a">235 p. : </subfield>
      <subfield code="a">288 p. : </subfield>
      <subfield code="b">il. ; </subfield>
      <subfield code="a">127 p. : </subfield>
      <subfield code="b">fot. ; </subfield>
      <subfield code="a">166 p. : </subfield>
      <subfield code="b">il. ; </subfield>
      <subfield code="a">353 p. : </subfield>
      <subfield code="a">93 p. : </subfield>
      <subfield code="a">361 p. : </subfield>
      <subfield code="a">246 p. : </subfield>
      <subfield code="b">il. ; </subfield>
      <subfield code="a">263 p. : </subfield>
      <subfield code="b">il. ; </subfield>
      <subfield code="a">205 p. : </subfield>
      <subfield code="b">il. ; </subfield>
      <subfield code="a">157 p. : </subfield>
      <subfield code="b">il. ; </subfield>
      <subfield code="a">558 p. : </subfield>
      <subfield code="b">il. ; </subfield>
      <subfield code="a">238 p. : </subfield>
      <subfield code="a">xxx, 322 p. : </subfield>
      <subfield code="b">il. ; </subfield>
      <subfield code="a">77 p. : </subfield>
      <subfield code="b">il. ; </subfield>
      <subfield code="a">189 p. : </subfield>
      <subfield code="a">73 p. : </subfield>
      <subfield code="b">il. ; </subfield>
      <subfield code="a">334 p. : </subfield>
      <subfield code="b">il. ; </subfield>
      <subfield code="a">158 p. : </subfield>
      <subfield code="a">89 p. : </subfield>
      <subfield code="b">il. ; </subfield>
      <subfield code="a">206 p. : </subfield>
      <subfield code="b">il. ; </subfield>
      <subfield code="a">xx, 826 p. : </subfield>
      <subfield code="b">il. ; </subfield>
      <subfield code="a">201 p. : </subfield>
      <subfield code="a">ix, 384 p. : </subfield>
      <subfield code="b">il. ; </subfield>
      <subfield code="a">xxxii, 687 p. : </subfield>
      <subfield code="b">il. ; </subfield>
      <subfield code="a">xxiii, 691 p. : </subfield>
      <subfield code="b">il. ; </subfield>
      <subfield code="a">xli, 916 p. : </subfield>
      <subfield code="b">il. ; </subfield>
      <subfield code="a">xxii, 558 p. : </subfield>
      <subfield code="b">il. ; </subfield>
      <subfield code="a">x, 466 p. : </subfield>
      <subfield code="b">il. ; </subfield>
      <subfield code="a">xv, 607 p. : </subfield>
      <subfield code="b">il. ; </subfield>
      <subfield code="a">xx, 395 p. : </subfield>
      <subfield code="b">il. ; </subfield>
      <subfield code="a">198 p. : </subfield>
      <subfield code="b">il. ; </subfield>
      <subfield code="a">893 p. : </subfield>
      <subfield code="a">302 p. : </subfield>
      <subfield code="b">il. ; </subfield>
      <subfield code="a">154 p. : </subfield>
      <subfield code="b">il. ; </subfield>
      <subfield code="a">255 p. : </subfield>
      <subfield code="b">il. ; </subfield>
      <subfield code="a">il. : </subfield>
      <subfield code="a">xiv, 165 p. : </subfield>
      <subfield code="b">il. ; </subfield>
      <subfield code="a">xvii, 192 p. : </subfield>
      <subfield code="b">il. ; </subfield>
      <subfield code="a">xxvii, 540 p. : </subfield>
      <subfield code="b">il. ; </subfield>
      <subfield code="a">xvi, 343 p. : </subfield>
      <subfield code="b">il. ; </subfield>
      <subfield code="a">209 p. : </subfield>
      <subfield code="b">il. ; </subfield>
      <subfield code="a">xviii, 616 p. : </subfield>
      <subfield code="b">il. ; </subfield>
      <subfield code="a">xiv, 368 p. : </subfield>
      <subfield code="b">il. ; </subfield>
      <subfield code="a">xx, 329 p. : </subfield>
      <subfield code="b">il. ; </subfield>
      <subfield code="a">145 p. : </subfield>
      <subfield code="a">92 p. : </subfield>
      <subfield code="a">419 p. : </subfield>
      <subfield code="a">143 p. : </subfield>
      <subfield code="a">158 p. : </subfield>
      <subfield code="a">184 p. : </subfield>
      <subfield code="a">ix, 431 p. : </subfield>
      <subfield code="b">il. ; </subfield>
      <subfield code="a">xxx, 112 p. : </subfield>
      <subfield code="a">115 p. : </subfield>
      <subfield code="a">ix, 691 p. : </subfield>
      <subfield code="b">il. ; </subfield>
      <subfield code="a">2 v. : </subfield>
      <subfield code="b">il. ; </subfield>
      <subfield code="a">114 p. : </subfield>
      <subfield code="a">4 v. : </subfield>
      <subfield code="a">123 p. : </subfield>
      <subfield code="a">215 p. : </subfield>
      <subfield code="a">v. : </subfield>
      <subfield code="a">564 p. : </subfield>
      <subfield code="a">258 p. : </subfield>
      <subfield code="a">525 p. : </subfield>
      <subfield code="a">xxiii, 816 p. : </subfield>
      <subfield code="b">il. ; </subfield>
      <subfield code="a">x, 392 p. : </subfield>
      <subfield code="b">il. ; </subfield>
      <subfield code="a">700 p. : </subfield>
      <subfield code="a">236 p. : </subfield>
      <subfield code="b">il. ; </subfield>
      <subfield code="a">222 p. : </subfield>
      <subfield code="a">198 p. : </subfield>
      <subfield code="a">101 p. : </subfield>
      <subfield code="b">il. ; </subfield>
      <subfield code="a">108 p. : </subfield>
      <subfield code="a">290 p. : </subfield>
      <subfield code="b">il. ; </subfield>
      <subfield code="a">274 p. : </subfield>
      <subfield code="b">il. ; </subfield>
      <subfield code="a">xii, 216 p. : </subfield>
      <subfield code="b">il. ; </subfield>
      <subfield code="a">267 p. : </subfield>
      <subfield code="b">il. ; </subfield>
      <subfield code="a">268 p. : </subfield>
      <subfield code="a">431 p. : </subfield>
      <subfield code="b">il. ; </subfield>
      <subfield code="a">240 p. : </subfield>
      <subfield code="b">il. ; </subfield>
      <subfield code="a">54 p. : </subfield>
      <subfield code="b">il. ; </subfield>
      <subfield code="a">212 p. : </subfield>
      <subfield code="b">il. ; </subfield>
      <subfield code="a">380 p. : </subfield>
      <subfield code="b">il. ; </subfield>
      <subfield code="a">279 p. : </subfield>
      <subfield code="b">il. ; </subfield>
      <subfield code="a">254 p. : </subfield>
      <subfield code="a">xvi, 636 p. : </subfield>
      <subfield code="b">il. ; </subfield>
      <subfield code="a">334 p. : </subfield>
      <subfield code="a">223 p. : </subfield>
      <subfield code="a">xv, 317 p. : </subfield>
      <subfield code="a">155 p. : </subfield>
      <subfield code="a">157 p. : </subfield>
      <subfield code="a">423 p. : </subfield>
      <subfield code="a">xvii, 349 p. : </subfield>
      <subfield code="b">il. ; </subfield>
      <subfield code="a">236 p. : </subfield>
      <subfield code="b">il. ; </subfield>
      <subfield code="a">xii, 323 p. : </subfield>
      <subfield code="b">il. ; </subfield>
      <subfield code="a">340 p. : </subfield>
      <subfield code="b">il. ; </subfield>
      <subfield code="a">xvi, 240 p. : </subfield>
      <subfield code="b">il. ; </subfield>
      <subfield code="a">319 p. : </subfield>
      <subfield code="b">il. ; </subfield>
      <subfield code="a">195 p. : </subfield>
      <subfield code="b">il. ; </subfield>
      <subfield code="a">222 p. : </subfield>
      <subfield code="b">il. ; </subfield>
      <subfield code="a">215 p. : </subfield>
      <subfield code="b">il. ; </subfield>
      <subfield code="a">269 p. : </subfield>
      <subfield code="b">il. ; </subfield>
      <subfield code="a">197 p. : </subfield>
      <subfield code="a">309 p. : </subfield>
      <subfield code="b">il. ; </subfield>
      <subfield code="a">187 p. : </subfield>
      <subfield code="a">58 p., 74 mapas : </subfield>
      <subfield code="b">il. ; </subfield>
      <subfield code="a">417 p. : </subfield>
      <subfield code="a">2 v. : </subfield>
      <subfield code="a">305 p. : </subfield>
      <subfield code="a">149 p. : </subfield>
      <subfield code="b">il. ; </subfield>
      <subfield code="a">xxxiv, 979 p. : </subfield>
      <subfield code="b">il. ; </subfield>
      <subfield code="a">236 p. : </subfield>
      <subfield code="b">il. ; </subfield>
      <subfield code="a">333 p. : </subfield>
      <subfield code="b">cuadros ; </subfield>
      <subfield code="a">216 p. : </subfield>
      <subfield code="a">240 p. : </subfield>
      <subfield code="a">266 p. : </subfield>
      <subfield code="b">il. ; </subfield>
      <subfield code="a">399 p. : </subfield>
      <subfield code="a">399 p. : </subfield>
      <subfield code="a">230 p. : </subfield>
      <subfield code="a">v. : </subfield>
      <subfield code="b">il. ; </subfield>
      <subfield code="a">440 p. : </subfield>
      <subfield code="b">il. ; </subfield>
      <subfield code="a">144 p. : </subfield>
      <subfield code="b">il. ; </subfield>
      <subfield code="a">149 p. : </subfield>
      <subfield code="b">il. ; </subfield>
      <subfield code="a">218 p. : </subfield>
      <subfield code="b">il. ; </subfield>
      <subfield code="a">366 p. : </subfield>
      <subfield code="b">il. ; </subfield>
      <subfield code="a">2 v. : </subfield>
      <subfield code="a">259 p. : </subfield>
      <subfield code="a">497 p. : </subfield>
      <subfield code="b">il. ; </subfield>
      <subfield code="a">viii, 327 p. : </subfield>
      <subfield code="b">il. ; </subfield>
      <subfield code="a">ix, 299 p. : </subfield>
      <subfield code="a">276 p. : </subfield>
      <subfield code="a">443 p. : </subfield>
      <subfield code="b">il. ; </subfield>
      <subfield code="a">380 p. : </subfield>
      <subfield code="a">557 p. : </subfield>
      <subfield code="b">il. ; </subfield>
      <subfield code="a">viii, 180 p. : </subfield>
      <subfield code="b">il. ; </subfield>
      <subfield code="a">303 p. : </subfield>
      <subfield code="a">2 v. : </subfield>
      <subfield code="a">viii, [56] p. en varias paginaciones : </subfield>
      <subfield code="a">vi, 414 p. : </subfield>
      <subfield code="b">il. ; </subfield>
      <subfield code="a">96 p. : </subfield>
      <subfield code="a">380 p. : </subfield>
      <subfield code="a">131 p. : </subfield>
      <subfield code="b">il. ; </subfield>
      <subfield code="a">xvi, 277 p. : </subfield>
      <subfield code="b">il. ; </subfield>
      <subfield code="a">xvii, 589 p. : </subfield>
      <subfield code="b">il. ; </subfield>
      <subfield code="a">355 p. : </subfield>
      <subfield code="b">il. ; </subfield>
      <subfield code="a">vi, 282 p. : </subfield>
      <subfield code="b">il. ; </subfield>
      <subfield code="a">xv, 720 p. : </subfield>
      <subfield code="b">il. ; </subfield>
      <subfield code="a">288 p. : </subfield>
      <subfield code="a">v. : </subfield>
      <subfield code="b">il. ; </subfield>
      <subfield code="a">xxx, 929 p. : </subfield>
      <subfield code="b">il. ; </subfield>
      <subfield code="a">xvi, 781 p. : </subfield>
      <subfield code="b">il. ; </subfield>
      <subfield code="a">v. : </subfield>
      <subfield code="b">il. ; </subfield>
      <subfield code="a">v. : </subfield>
      <subfield code="b">il. ; </subfield>
      <subfield code="a">iv, 93 p. : </subfield>
      <subfield code="b">cuadros ; </subfield>
      <subfield code="a">viii, 190 p. : </subfield>
      <subfield code="b">il. ; </subfield>
      <subfield code="a">196 p., 2 h. plegs. : </subfield>
      <subfield code="b">il. ; </subfield>
      <subfield code="a">3 v. : </subfield>
      <subfield code="b">il. ; </subfield>
      <subfield code="a">292 p. : </subfield>
      <subfield code="b">il. ; </subfield>
      <subfield code="a">90p. : </subfield>
      <subfield code="b">il. ; </subfield>
      <subfield code="a">xviii, 617 p. : </subfield>
      <subfield code="b">il. ; </subfield>
      <subfield code="a">506 p. : </subfield>
      <subfield code="a">vi, 161 p. : </subfield>
      <subfield code="b">il. ; </subfield>
      <subfield code="a">231 p. : </subfield>
      <subfield code="a">528 p. : </subfield>
      <subfield code="b">il. ; </subfield>
      <subfield code="a">73 p. : </subfield>
      <subfield code="a">352 p. : </subfield>
      <subfield code="b">il. ; </subfield>
      <subfield code="a">176 p. : </subfield>
      <subfield code="b">il. ; </subfield>
      <subfield code="a">197 p. : </subfield>
      <subfield code="a">1997 : </subfield>
      <subfield code="a">825 p. : </subfield>
      <subfield code="a">78 p. : </subfield>
      <subfield code="a">611 p. : </subfield>
      <subfield code="a">309 p. : </subfield>
      <subfield code="a">318 p. : </subfield>
      <subfield code="a">394 p. : </subfield>
      <subfield code="a">115 p. : </subfield>
      <subfield code="a">8 v. : </subfield>
      <subfield code="a">92 h. : </subfield>
      <subfield code="b">il. ; </subfield>
      <subfield code="e">1 CD-ROM en bolsillo</subfield>
    </datafield>
    <datafield tag="500" ind1=" " ind2=" ">
      <subfield code="a">Contenido del CD-ROM: Parque Interjurisdiccional Marino Costero Patagonia Austral</subfield>
    </datafield>
    <datafield tag="500" ind1=" " ind2=" ">
      <subfield code="a">Tít. de partida Documento Técnico</subfield>
    </datafield>
    <datafield tag="650" ind1=" " ind2=" ">
      <subfield code="a"> PESCA MARINA</subfield>
    </datafield>
    <datafield tag="650" ind1=" " ind2=" ">
      <subfield code="a"> RECURSOS PESQUEROS</subfield>
    </datafield>
    <datafield tag="650" ind1=" " ind2=" ">
      <subfield code="a"> CONSERVACION DE LOS RECURSOS</subfield>
    </datafield>
    <datafield tag="942" ind1=" " ind2=" ">
      <subfield code="c">BK</subfield>
    </datafield>
    <datafield tag="952" ind1=" " ind2=" ">
      <subfield code="a">BIB_RECT</subfield>
      <subfield code="b">BIB_UACO</subfield>
      <subfield code="d">2009-05-18</subfield>
      <subfield code="y">BK</subfield>
      <subfield code="p">02-39895</subfield>
      <subfield code="i">02-39895</subfield>
      <subfield code="g">59</subfield>
      <subfield code="o">639.2 F273p</subfield>
      <subfield code="e">Sec. de Investigación - UACO</subfield>
      <subfield code="8">CG</subfield>
    </datafield>
  </record>