
  <record>
    <leader>01000aam  22002601a 4500</leader>
    <controlfield tag="001">YPZ91131</controlfield>
    <controlfield tag="003">YPZ</controlfield>
    <controlfield tag="005">200905181436560</controlfield>
    <controlfield tag="008">090518|###########||||||b||||||||||spa|d</controlfield>
    <datafield tag="020" ind1=" " ind2=" ">
      <subfield code="a">950432360X (verde)</subfield>
    </datafield>
    <datafield tag="020" ind1=" " ind2=" ">
      <subfield code="a">9505626363 (rojo)</subfield>
    </datafield>
    <datafield tag="040" ind1=" " ind2=" ">
      <subfield code="c">SIUNPA</subfield>
    </datafield>
    <datafield tag="041" ind1=" " ind2=" ">
      <subfield code="a">spa</subfield>
    </datafield>
    <datafield tag="044" ind1=" " ind2=" ">
      <subfield code="a">AR</subfield>
    </datafield>
    <datafield tag="080" ind1=" " ind2=" ">
      <subfield code="a">R32(038) V422d</subfield>
    </datafield>
    <datafield tag="100" ind1=" " ind2=" ">
      <subfield code="a">Vega, Julio César de la.</subfield>
    </datafield>
    <datafield tag="245" ind1=" " ind2=" ">
      <subfield code="a">Diccionario consultor político</subfield>
    </datafield>
    <datafield tag="260" ind1=" " ind2=" ">
      <subfield code="a">Buenos Aires</subfield>
      <subfield code="b"> : Librex</subfield>
      <subfield code="c"> , 1987</subfield>
    </datafield>
    <datafield tag="500" ind1=" " ind2=" ">
      <subfield code="a">El año de reimpresión varía según el ejemplar</subfield>
    </datafield>
    <datafield tag="650" ind1=" " ind2=" ">
      <subfield code="a"> POLITICA</subfield>
    </datafield>
    <datafield tag="650" ind1=" " ind2=" ">
      <subfield code="a"> CIENCIA POLITICA</subfield>
    </datafield>
    <datafield tag="650" ind1=" " ind2=" ">
      <subfield code="a"> DICCIONARIO</subfield>
    </datafield>
    <datafield tag="942" ind1=" " ind2=" ">
      <subfield code="c">BK</subfield>
    </datafield>
    <datafield tag="952" ind1=" " ind2=" ">
      <subfield code="a">BIB_RECT</subfield>
      <subfield code="b">BIB_UARG</subfield>
      <subfield code="d">2009-05-15</subfield>
      <subfield code="y">BK</subfield>
      <subfield code="p">05-37731</subfield>
      <subfield code="i">05-37731</subfield>
      <subfield code="g">89</subfield>
      <subfield code="o">R32(038) V422d</subfield>
      <subfield code="e">Municipalidad de Río Gallegos</subfield>
      <subfield code="8">CR</subfield>
    </datafield>
    <datafield tag="952" ind1=" " ind2=" ">
      <subfield code="a">BIB_RECT</subfield>
      <subfield code="b">BIB_UARG</subfield>
      <subfield code="d">2013-02-25</subfield>
      <subfield code="y">BK</subfield>
      <subfield code="p">05-37732</subfield>
      <subfield code="i">05-37732</subfield>
      <subfield code="g">89</subfield>
      <subfield code="o">R32(038) V422d</subfield>
      <subfield code="e">Municipalidad de Río Gallegos</subfield>
      <subfield code="8">CR</subfield>
    </datafield>
    <datafield tag="952" ind1=" " ind2=" ">
      <subfield code="a">BIB_RECT</subfield>
      <subfield code="b">BIB_UARG</subfield>
      <subfield code="d">2009-05-28</subfield>
      <subfield code="y">BK</subfield>
      <subfield code="p">05-37959</subfield>
      <subfield code="i">05-37959</subfield>
      <subfield code="g">89</subfield>
      <subfield code="o">R32(038) V422d</subfield>
      <subfield code="e">Donación Barbería, Elsa</subfield>
      <subfield code="8">CR</subfield>
    </datafield>
  </record>