
  <record>
    <leader>01000aam  22002601a 4500</leader>
    <controlfield tag="001">YPZ91133</controlfield>
    <controlfield tag="003">YPZ</controlfield>
    <controlfield tag="005">200905181516180</controlfield>
    <controlfield tag="008">090518|###########||||||b||||||||||spa|d</controlfield>
    <datafield tag="020" ind1=" " ind2=" ">
      <subfield code="a">9788586238574</subfield>
    </datafield>
    <datafield tag="040" ind1=" " ind2=" ">
      <subfield code="c">SIUNPA</subfield>
    </datafield>
    <datafield tag="041" ind1=" " ind2=" ">
      <subfield code="a">por</subfield>
    </datafield>
    <datafield tag="044" ind1=" " ind2=" ">
      <subfield code="a">BR</subfield>
    </datafield>
    <datafield tag="080" ind1=" " ind2=" ">
      <subfield code="a">910.1 S478s2</subfield>
    </datafield>
    <datafield tag="245" ind1=" " ind2=" ">
      <subfield code="a">Sensoriamento remoto e SIG avançados</subfield>
      <subfield code="b"> : novos sistemas sensores métodos inovadores</subfield>
      <subfield code="c"> / Blaschke, Thomas, nova versão atualizada e organizada por ; Kux, Hermann nova versão atualizada e organizada por ; Kux, Hermann, tr.</subfield>
    </datafield>
    <datafield tag="250" ind1=" " ind2=" ">
      <subfield code="a">2a ed.</subfield>
    </datafield>
    <datafield tag="260" ind1=" " ind2=" ">
      <subfield code="a">São Paulo</subfield>
      <subfield code="b"> : Oficina de Textos</subfield>
      <subfield code="c"> , 2007</subfield>
    </datafield>
    <datafield tag="650" ind1=" " ind2=" ">
      <subfield code="a"> SISTEMA DE INFORMACION GEOGRAFICA</subfield>
    </datafield>
    <datafield tag="942" ind1=" " ind2=" ">
      <subfield code="c">BK</subfield>
    </datafield>
    <datafield tag="952" ind1=" " ind2=" ">
      <subfield code="a">BIB_RECT</subfield>
      <subfield code="b">BIB_UARG</subfield>
      <subfield code="d">2009-05-18</subfield>
      <subfield code="y">BK</subfield>
      <subfield code="p">05-37739</subfield>
      <subfield code="i">05-37739</subfield>
      <subfield code="g">110</subfield>
      <subfield code="o">910.1 S478s2</subfield>
      <subfield code="e">compra UARG</subfield>
      <subfield code="8">CG</subfield>
    </datafield>
  </record>