
  <record>
    <leader>01000aam  22002601a 4500</leader>
    <controlfield tag="001">YPZ91171</controlfield>
    <controlfield tag="003">YPZ</controlfield>
    <controlfield tag="005">200905201544230</controlfield>
    <controlfield tag="008">090520|###########||||||b||||||||||spa|d</controlfield>
    <datafield tag="020" ind1=" " ind2=" ">
      <subfield code="a">9686823212</subfield>
    </datafield>
    <datafield tag="040" ind1=" " ind2=" ">
      <subfield code="c">SIUNPA</subfield>
    </datafield>
    <datafield tag="041" ind1=" " ind2=" ">
      <subfield code="a">spa</subfield>
    </datafield>
    <datafield tag="044" ind1=" " ind2=" ">
      <subfield code="a">MX</subfield>
    </datafield>
    <datafield tag="080" ind1=" " ind2=" ">
      <subfield code="a">338.1 U49u</subfield>
    </datafield>
    <datafield tag="100" ind1=" " ind2=" ">
      <subfield code="a">Álvarez-Icaza, Pedro.</subfield>
    </datafield>
    <datafield tag="700" ind1=" " ind2=" ">
      <subfield code="a">Cervera, Gabriela.</subfield>
    </datafield>
    <datafield tag="700" ind1=" " ind2=" ">
      <subfield code="a">Garibay, Claudio.</subfield>
    </datafield>
    <datafield tag="700" ind1=" " ind2=" ">
      <subfield code="a">Gutiérrez, Pedro.</subfield>
    </datafield>
    <datafield tag="700" ind1=" " ind2=" ">
      <subfield code="a">Rosete, Fernando.</subfield>
    </datafield>
    <datafield tag="245" ind1=" " ind2=" ">
      <subfield code="a">Los umbrales del deterioro</subfield>
      <subfield code="b"> : la dimensión ambiental de un desarrollo desigual en la región Purépecha</subfield>
    </datafield>
    <datafield tag="250" ind1=" " ind2=" ">
      <subfield code="a">1a ed.</subfield>
    </datafield>
    <datafield tag="260" ind1=" " ind2=" ">
      <subfield code="a">México, D.F.</subfield>
      <subfield code="b"> : Friedrich Ebert Stiftung, Representación en México</subfield>
      <subfield code="b"> : Programa de Aprovechamiento Integral de Recursos Naturales y Desarrollo Social en Áreas de Subsistencia , PAIR, Universidad Nacional Autónoma de México</subfield>
      <subfield code="c"> , 1993</subfield>
    </datafield>
    <datafield tag="300" ind1=" " ind2=" ">
      <subfield code="a">183 p. : </subfield>
      <subfield code="a">121 p. : </subfield>
      <subfield code="b">il. ; </subfield>
      <subfield code="a">2 v. : </subfield>
      <subfield code="a">303 p. : </subfield>
      <subfield code="b">il. ; </subfield>
      <subfield code="a">175 p. : </subfield>
      <subfield code="b">il. ; </subfield>
      <subfield code="a">173 p. : </subfield>
      <subfield code="a">94 p. : </subfield>
      <subfield code="a">244 p. : </subfield>
      <subfield code="b">il ; </subfield>
      <subfield code="a">231 p. : </subfield>
      <subfield code="b">il. ; </subfield>
      <subfield code="a">293 p. : </subfield>
      <subfield code="a">336 p. : </subfield>
      <subfield code="b">il. ; </subfield>
      <subfield code="a">320 p. : </subfield>
      <subfield code="a">336 p. : </subfield>
      <subfield code="a">239 p. : </subfield>
      <subfield code="a">247 p. : </subfield>
      <subfield code="b">il. ; </subfield>
      <subfield code="a">215 p. : </subfield>
      <subfield code="b">il. ; </subfield>
      <subfield code="a">196 p. : </subfield>
      <subfield code="a">490 p. : </subfield>
      <subfield code="b">il. ; </subfield>
      <subfield code="a">204  p. : </subfield>
      <subfield code="a">vii, 301 p. : </subfield>
      <subfield code="a">222 p. : </subfield>
      <subfield code="a">240 p. : </subfield>
      <subfield code="a">1019 p. : </subfield>
      <subfield code="b">il. ; </subfield>
      <subfield code="a">69 p. : </subfield>
      <subfield code="a">116 p. : </subfield>
      <subfield code="a">xxiii, 369 p. : </subfield>
      <subfield code="a">848 p. : </subfield>
      <subfield code="b">il. ; </subfield>
      <subfield code="a">3 v. : </subfield>
      <subfield code="a">222 P. : </subfield>
      <subfield code="b">il. ; </subfield>
      <subfield code="a">190 p. : </subfield>
      <subfield code="b">il. ; </subfield>
      <subfield code="a">vii, 212 p. : </subfield>
      <subfield code="b">il. ; </subfield>
      <subfield code="a">197 p. : </subfield>
      <subfield code="a">176, [15] p. : </subfield>
      <subfield code="b">il. ; </subfield>
      <subfield code="a">230 p. : </subfield>
      <subfield code="a">116 p. : </subfield>
      <subfield code="b">il. ; </subfield>
      <subfield code="a">379 p. : </subfield>
      <subfield code="a">479 p. : </subfield>
      <subfield code="b">il. ; </subfield>
      <subfield code="a">191 p. : </subfield>
      <subfield code="b">il. ; </subfield>
      <subfield code="a">303 p. : </subfield>
      <subfield code="a">274 : </subfield>
      <subfield code="b">il. ; </subfield>
      <subfield code="e">6 h. plegs.</subfield>
    </datafield>
    <datafield tag="650" ind1=" " ind2=" ">
      <subfield code="a"> DESARROLLO ECONOMICO Y SOCIAL</subfield>
    </datafield>
    <datafield tag="650" ind1=" " ind2=" ">
      <subfield code="a"> DESARROLLO REGIONAL</subfield>
    </datafield>
    <datafield tag="650" ind1=" " ind2=" ">
      <subfield code="a"> PROTECCION DEL MEDIO AMBIENTE</subfield>
    </datafield>
    <datafield tag="650" ind1=" " ind2=" ">
      <subfield code="a"> REGION PUREPECHA (MEXICO)</subfield>
    </datafield>
    <datafield tag="942" ind1=" " ind2=" ">
      <subfield code="c">BK</subfield>
    </datafield>
    <datafield tag="952" ind1=" " ind2=" ">
      <subfield code="a">BIB_RECT</subfield>
      <subfield code="b">BIB_UASJ</subfield>
      <subfield code="d">2009-05-20</subfield>
      <subfield code="y">BK</subfield>
      <subfield code="p">04-37766</subfield>
      <subfield code="i">04-37766</subfield>
      <subfield code="g">32</subfield>
      <subfield code="o">338.1 U49u</subfield>
      <subfield code="e">Donación México</subfield>
      <subfield code="8">CG</subfield>
    </datafield>
  </record>