
  <record>
    <leader>01000aam  22002601a 4500</leader>
    <controlfield tag="001">YPZ91177</controlfield>
    <controlfield tag="003">YPZ</controlfield>
    <controlfield tag="005">200905211148500</controlfield>
    <controlfield tag="008">090521|###########||||||b||||||||||spa|d</controlfield>
    <datafield tag="020" ind1=" " ind2=" ">
      <subfield code="a">9688568325</subfield>
    </datafield>
    <datafield tag="040" ind1=" " ind2=" ">
      <subfield code="c">SIUNPA</subfield>
    </datafield>
    <datafield tag="041" ind1=" " ind2=" ">
      <subfield code="a">spa</subfield>
    </datafield>
    <datafield tag="044" ind1=" " ind2=" ">
      <subfield code="a">MX</subfield>
    </datafield>
    <datafield tag="080" ind1=" " ind2=" ">
      <subfield code="a">504.03 S471i 1</subfield>
    </datafield>
    <datafield tag="110" ind1=" " ind2=" ">
      <subfield code="a">Seminario Internacional Tecnología-Industria-Territorio (1 : 1999 : Querétaro, México).</subfield>
    </datafield>
    <datafield tag="245" ind1=" " ind2=" ">
      <subfield code="a">Innovación tecnológica y medio ambiente</subfield>
      <subfield code="c"> / Corona, Leonel, coordinador ; Hernández, Ricardo, coodinador</subfield>
    </datafield>
    <datafield tag="250" ind1=" " ind2=" ">
      <subfield code="a">1a ed.</subfield>
    </datafield>
    <datafield tag="260" ind1=" " ind2=" ">
      <subfield code="a">México, D.F.</subfield>
      <subfield code="b"> : Instituto Politécnico Nacional, Centro de Investigaciones Económicas Administrativas y Sociales</subfield>
      <subfield code="b"> : Fundación Friedrich Ebert. Representación en México</subfield>
      <subfield code="b"> : Consejo de Ciencia y Tecnología del Estado de Querétaro</subfield>
      <subfield code="b"> : Plaza y Valdés</subfield>
      <subfield code="c"> , 2001</subfield>
    </datafield>
    <datafield tag="650" ind1=" " ind2=" ">
      <subfield code="a"> AGRICULTURA</subfield>
    </datafield>
    <datafield tag="650" ind1=" " ind2=" ">
      <subfield code="a"> INNOVACION TECNOLOGICA</subfield>
    </datafield>
    <datafield tag="650" ind1=" " ind2=" ">
      <subfield code="a"> MEDIO AMBIENTE</subfield>
    </datafield>
    <datafield tag="650" ind1=" " ind2=" ">
      <subfield code="a"> MEXICO</subfield>
    </datafield>
    <datafield tag="942" ind1=" " ind2=" ">
      <subfield code="c">BK</subfield>
    </datafield>
    <datafield tag="952" ind1=" " ind2=" ">
      <subfield code="a">BIB_RECT</subfield>
      <subfield code="b">BIB_UASJ</subfield>
      <subfield code="d">2009-05-21</subfield>
      <subfield code="y">BK</subfield>
      <subfield code="p">04-37764</subfield>
      <subfield code="i">04-37764</subfield>
      <subfield code="g">32</subfield>
      <subfield code="o">504.03 S471i 1</subfield>
      <subfield code="e">Donación México</subfield>
      <subfield code="8">CG</subfield>
    </datafield>
    <datafield tag="952" ind1=" " ind2=" ">
      <subfield code="a">BIB_RECT</subfield>
      <subfield code="b">BIB_UASJ</subfield>
      <subfield code="d">2009-05-21</subfield>
      <subfield code="y">BK</subfield>
      <subfield code="p">04-37765</subfield>
      <subfield code="i">04-37765</subfield>
      <subfield code="g">32</subfield>
      <subfield code="o">504.03 S471i 1</subfield>
      <subfield code="e">Donación México</subfield>
      <subfield code="8">CG</subfield>
    </datafield>
  </record>