
  <record>
    <leader>01000aam  22002601a 4500</leader>
    <controlfield tag="001">YPZ91216</controlfield>
    <controlfield tag="003">YPZ</controlfield>
    <controlfield tag="005">200905271251520</controlfield>
    <controlfield tag="008">090527|###########||||||b||||||||||spa|d</controlfield>
    <datafield tag="020" ind1=" " ind2=" ">
      <subfield code="a">9789872420406</subfield>
    </datafield>
    <datafield tag="040" ind1=" " ind2=" ">
      <subfield code="c">SIUNPA</subfield>
    </datafield>
    <datafield tag="041" ind1=" " ind2=" ">
      <subfield code="a">spa</subfield>
    </datafield>
    <datafield tag="044" ind1=" " ind2=" ">
      <subfield code="a">AR</subfield>
    </datafield>
    <datafield tag="080" ind1=" " ind2=" ">
      <subfield code="a">323.28 A772n</subfield>
    </datafield>
    <datafield tag="245" ind1=" " ind2=" ">
      <subfield code="a">Arquitectos que no fueron</subfield>
    </datafield>
    <datafield tag="250" ind1=" " ind2=" ">
      <subfield code="a">1a ed.</subfield>
    </datafield>
    <datafield tag="260" ind1=" " ind2=" ">
      <subfield code="a">Córdoba</subfield>
      <subfield code="b"> : Comisón de Homenaje</subfield>
      <subfield code="c"> , 2008</subfield>
    </datafield>
    <datafield tag="300" ind1=" " ind2=" ">
      <subfield code="a">viii, 80 p. : </subfield>
      <subfield code="b">il. ; </subfield>
      <subfield code="a">176 p. : </subfield>
      <subfield code="b">il. ; </subfield>
      <subfield code="a">160 p. : </subfield>
      <subfield code="b">il. ; </subfield>
      <subfield code="a">256 p. : </subfield>
      <subfield code="a">476 p. : </subfield>
      <subfield code="b">il. ; </subfield>
      <subfield code="a">267 p. : </subfield>
      <subfield code="a">270 p. : </subfield>
      <subfield code="b">il. ; </subfield>
      <subfield code="a">187 p. : </subfield>
      <subfield code="a">151 p. : </subfield>
      <subfield code="a">311 p. : </subfield>
      <subfield code="b">il. ; </subfield>
      <subfield code="a">xx, 203 p. : </subfield>
      <subfield code="b">il. ; </subfield>
      <subfield code="a">288 p. : </subfield>
      <subfield code="a">204 p. : </subfield>
      <subfield code="a">173 p. : </subfield>
      <subfield code="b">il. ; </subfield>
      <subfield code="a">vi, 201 p. : </subfield>
      <subfield code="b">il. ; </subfield>
      <subfield code="a">90 p. : </subfield>
      <subfield code="a">220 p. : </subfield>
      <subfield code="b">il. ; </subfield>
      <subfield code="a">255 p. : </subfield>
      <subfield code="a">xxxi, 152 p. : </subfield>
      <subfield code="a">267 p. : </subfield>
      <subfield code="a">217 p. : </subfield>
      <subfield code="a">315 p. : </subfield>
      <subfield code="a">xi, 260 p. : </subfield>
      <subfield code="b">il. ; </subfield>
      <subfield code="a">302 p. [8] h. de láms. : </subfield>
      <subfield code="b">il. ; </subfield>
      <subfield code="a">165 p. : </subfield>
      <subfield code="b">il. ; </subfield>
      <subfield code="a">257 p. : </subfield>
      <subfield code="a">364 p. : </subfield>
      <subfield code="a">164 p. : </subfield>
      <subfield code="a">173 p. : </subfield>
      <subfield code="a">142 p. : </subfield>
      <subfield code="b">il. ; </subfield>
      <subfield code="a">236 p. : </subfield>
      <subfield code="b">il. ; </subfield>
      <subfield code="e">1 CD-ROM en bolsillo</subfield>
    </datafield>
    <datafield tag="500" ind1=" " ind2=" ">
      <subfield code="a">Subtít. de cubierta: Estuadiantes y egresados de la Facultad de Arquitectura y Urbanismo de la Universidad Nacional de Córdoba, asesinados y desaparecidos por el terrorismo de Estado, 1975-1983</subfield>
    </datafield>
    <datafield tag="650" ind1=" " ind2=" ">
      <subfield code="a"> DESAPARECIDOS</subfield>
    </datafield>
    <datafield tag="650" ind1=" " ind2=" ">
      <subfield code="a"> HISTORIA ARGENTINA</subfield>
    </datafield>
    <datafield tag="650" ind1=" " ind2=" ">
      <subfield code="a"> SIGLO XX</subfield>
    </datafield>
    <datafield tag="650" ind1=" " ind2=" ">
      <subfield code="a"> TERRORISMO DE ESTADO</subfield>
    </datafield>
    <datafield tag="650" ind1=" " ind2=" ">
      <subfield code="a"> DERECHOS HUMANOS</subfield>
    </datafield>
    <datafield tag="942" ind1=" " ind2=" ">
      <subfield code="c">BK</subfield>
    </datafield>
    <datafield tag="952" ind1=" " ind2=" ">
      <subfield code="a">BIB_RECT</subfield>
      <subfield code="b">BIB_UARG</subfield>
      <subfield code="d">2009-05-26</subfield>
      <subfield code="y">BK</subfield>
      <subfield code="p">05-37851</subfield>
      <subfield code="i">05-37851</subfield>
      <subfield code="g">35</subfield>
      <subfield code="o">323.28 A772n</subfield>
      <subfield code="e">Donación Ciampoli, Juan</subfield>
      <subfield code="8">CG</subfield>
    </datafield>
  </record>