
  <record>
    <leader>01000aam  22002601a 4500</leader>
    <controlfield tag="001">YPZ91238</controlfield>
    <controlfield tag="003">YPZ</controlfield>
    <controlfield tag="005">200905291317260</controlfield>
    <controlfield tag="008">090529|###########||||||b||||||||||spa|d</controlfield>
    <datafield tag="020" ind1=" " ind2=" ">
      <subfield code="a">9505531303</subfield>
    </datafield>
    <datafield tag="040" ind1=" " ind2=" ">
      <subfield code="c">SIUNPA</subfield>
    </datafield>
    <datafield tag="041" ind1=" " ind2=" ">
      <subfield code="a">spa</subfield>
    </datafield>
    <datafield tag="044" ind1=" " ind2=" ">
      <subfield code="a">AR</subfield>
    </datafield>
    <datafield tag="080" ind1=" " ind2=" ">
      <subfield code="a">697.9 Q13m4</subfield>
    </datafield>
    <datafield tag="100" ind1=" " ind2=" ">
      <subfield code="a">Quadri, Néstor Pedro.</subfield>
    </datafield>
    <datafield tag="245" ind1=" " ind2=" ">
      <subfield code="a">Manual de aire acondicionado y calefacción</subfield>
      <subfield code="b"> : cálculo y diseño</subfield>
    </datafield>
    <datafield tag="250" ind1=" " ind2=" ">
      <subfield code="a">4a ed. actualizada</subfield>
    </datafield>
    <datafield tag="260" ind1=" " ind2=" ">
      <subfield code="a">Buenos Aires</subfield>
      <subfield code="b"> : Alsina</subfield>
      <subfield code="c"> , 2007</subfield>
    </datafield>
    <datafield tag="300" ind1=" " ind2=" ">
      <subfield code="a">171 p. : </subfield>
      <subfield code="b">il. ; </subfield>
      <subfield code="a">186 p. : </subfield>
      <subfield code="a">231 p. : </subfield>
      <subfield code="b">il. ; </subfield>
      <subfield code="a">316 p. : </subfield>
      <subfield code="a">117 p. : </subfield>
      <subfield code="a">378 p. : </subfield>
      <subfield code="b">cuadros ; </subfield>
      <subfield code="a">88 p. : </subfield>
      <subfield code="b">il. ; </subfield>
      <subfield code="a">v, 202 p. : </subfield>
      <subfield code="a">120 p. : </subfield>
      <subfield code="a">214 p. : </subfield>
      <subfield code="b">il. ; </subfield>
      <subfield code="a">383 p. : </subfield>
      <subfield code="a">vii, 167 p : </subfield>
      <subfield code="b">il. ; </subfield>
      <subfield code="a">[259] p. : </subfield>
      <subfield code="b">il. ; </subfield>
      <subfield code="a">1824 p. : </subfield>
      <subfield code="b">il. ; </subfield>
      <subfield code="a">505 p. : </subfield>
      <subfield code="b">il. ; </subfield>
      <subfield code="a">xiv, 313 p. : </subfield>
      <subfield code="b">il. ; </subfield>
      <subfield code="a">370 p. : </subfield>
      <subfield code="b">il. ; </subfield>
      <subfield code="a">xv, 440 p. : </subfield>
      <subfield code="b">il. ; </subfield>
      <subfield code="a">xvii, 636 p. : </subfield>
      <subfield code="b">il. ; </subfield>
      <subfield code="a">xiv, 489 p. : </subfield>
      <subfield code="b">il. ; </subfield>
      <subfield code="a">300 p. : </subfield>
      <subfield code="b">il. ; </subfield>
      <subfield code="e">1 CD-ROM en bolsillo</subfield>
    </datafield>
    <datafield tag="500" ind1=" " ind2=" ">
      <subfield code="a">La edición del CD-ROM es tercera edición actualizada</subfield>
    </datafield>
    <datafield tag="650" ind1=" " ind2=" ">
      <subfield code="a"> INSTALACION INDUSTRIAL</subfield>
    </datafield>
    <datafield tag="650" ind1=" " ind2=" ">
      <subfield code="a"> AIRE ACONDICIONADO</subfield>
    </datafield>
    <datafield tag="650" ind1=" " ind2=" ">
      <subfield code="a"> CALEFACCION</subfield>
    </datafield>
    <datafield tag="942" ind1=" " ind2=" ">
      <subfield code="c">BK</subfield>
    </datafield>
    <datafield tag="952" ind1=" " ind2=" ">
      <subfield code="a">BIB_RECT</subfield>
      <subfield code="b">BIB_UARG</subfield>
      <subfield code="d">2009-05-29</subfield>
      <subfield code="y">BK</subfield>
      <subfield code="p">05-37907</subfield>
      <subfield code="i">05-37907</subfield>
      <subfield code="g">85</subfield>
      <subfield code="o">697.9 Q13m4</subfield>
      <subfield code="e">Compra Biblioteca/UE-09</subfield>
      <subfield code="8">CG</subfield>
    </datafield>
  </record>