
  <record>
    <leader>01000aam  22002601a 4500</leader>
    <controlfield tag="001">YPZ91241</controlfield>
    <controlfield tag="003">YPZ</controlfield>
    <controlfield tag="005">200905291440480</controlfield>
    <controlfield tag="008">090529|###########||||||b||||||||||spa|d</controlfield>
    <datafield tag="020" ind1=" " ind2=" ">
      <subfield code="a">843457358X (o.c.)</subfield>
    </datafield>
    <datafield tag="020" ind1=" " ind2=" ">
      <subfield code="a">8434573954 (v.37)</subfield>
    </datafield>
    <datafield tag="040" ind1=" " ind2=" ">
      <subfield code="c">SIUNPA</subfield>
    </datafield>
    <datafield tag="041" ind1=" " ind2=" ">
      <subfield code="a">spa</subfield>
    </datafield>
    <datafield tag="044" ind1=" " ind2=" ">
      <subfield code="a">ES</subfield>
    </datafield>
    <datafield tag="080" ind1=" " ind2=" ">
      <subfield code="a">316.75 C261u</subfield>
    </datafield>
    <datafield tag="100" ind1=" " ind2=" ">
      <subfield code="a">Carandell, José María.</subfield>
    </datafield>
    <datafield tag="245" ind1=" " ind2=" ">
      <subfield code="a">Las utopías</subfield>
      <subfield code="c"> / Burk, Igancio, tr. ; Gálvez y Fuentes, Alvaro, tr. ; Laín Entralgo, Pedro, ; Masui, Jacques, tr. ; Mayz Vallenilla, Ernesto, tr. ; Prevosti, Antonio, tr. ; Rojas, Jorge, tr. ; Teixidor, Emilio, tr. ; Skinner, Burrhus Frederic, personalidad entrevistada</subfield>
    </datafield>
    <datafield tag="250" ind1=" " ind2=" ">
      <subfield code="a">Ed. en español</subfield>
    </datafield>
    <datafield tag="260" ind1=" " ind2=" ">
      <subfield code="a">Barcelona</subfield>
      <subfield code="b"> : Salvat</subfield>
      <subfield code="c"> , 1973</subfield>
    </datafield>
    <datafield tag="440" ind1=" " ind2=" ">
      <subfield code="a">Centro de estudios Lingüísticos y Literarios</subfield>
      <subfield code="a">Temas. Comunicación</subfield>
      <subfield code="a">Sección de obras de Historia. Fideicomiso Historia de Las Américas. Serie hacienda</subfield>
      <subfield code="a">Centro de estudios sociológicos</subfield>
      <subfield code="a">Biblioteca Salvat de grandes temas</subfield>
      <subfield code="v">37</subfield>
    </datafield>
    <datafield tag="490" ind1=" " ind2=" ">
      <subfield code="a">Centro de estudios Lingüísticos y Literarios</subfield>
      <subfield code="a">Temas. Comunicación</subfield>
      <subfield code="a">Sección de obras de Historia. Fideicomiso Historia de Las Américas. Serie hacienda</subfield>
      <subfield code="a">Centro de estudios sociológicos</subfield>
      <subfield code="a">Biblioteca Salvat de grandes temas</subfield>
      <subfield code="v">37</subfield>
    </datafield>
    <datafield tag="650" ind1=" " ind2=" ">
      <subfield code="a"> UTOPIA</subfield>
    </datafield>
    <datafield tag="650" ind1=" " ind2=" ">
      <subfield code="a"> IDEOLOGIA</subfield>
    </datafield>
    <datafield tag="650" ind1=" " ind2=" ">
      <subfield code="a"> SOCIOLOGIA CULTURAL</subfield>
    </datafield>
    <datafield tag="650" ind1=" " ind2=" ">
      <subfield code="a"> SKINNER, BURRHUS FREDERIC (1904</subfield>
    </datafield>
    <datafield tag="650" ind1=" " ind2=" ">
      <subfield code="a">1990)</subfield>
    </datafield>
    <datafield tag="942" ind1=" " ind2=" ">
      <subfield code="c">BK</subfield>
    </datafield>
    <datafield tag="952" ind1=" " ind2=" ">
      <subfield code="a">BIB_RECT</subfield>
      <subfield code="b">BIB_UASJ</subfield>
      <subfield code="d">2009-05-29</subfield>
      <subfield code="y">BK</subfield>
      <subfield code="p">04-37799</subfield>
      <subfield code="i">04-37799</subfield>
      <subfield code="g">22</subfield>
      <subfield code="o">316.75 C261u</subfield>
      <subfield code="e">Donación México</subfield>
      <subfield code="8">CG</subfield>
    </datafield>
  </record>