
  <record>
    <leader>01000aam  22002601a 4500</leader>
    <controlfield tag="001">YPZ91254</controlfield>
    <controlfield tag="003">YPZ</controlfield>
    <controlfield tag="005">200906031251570</controlfield>
    <controlfield tag="008">090603|###########||||||b||||||||||spa|d</controlfield>
    <datafield tag="020" ind1=" " ind2=" ">
      <subfield code="a">9506145288 (o.c.)</subfield>
    </datafield>
    <datafield tag="020" ind1=" " ind2=" ">
      <subfield code="a">9506145318 (t.1)</subfield>
    </datafield>
    <datafield tag="020" ind1=" " ind2=" ">
      <subfield code="a">9506145328 (t.2)</subfield>
    </datafield>
    <datafield tag="040" ind1=" " ind2=" ">
      <subfield code="c">SIUNPA</subfield>
    </datafield>
    <datafield tag="041" ind1=" " ind2=" ">
      <subfield code="a">spa</subfield>
    </datafield>
    <datafield tag="044" ind1=" " ind2=" ">
      <subfield code="a">AR</subfield>
    </datafield>
    <datafield tag="080" ind1=" " ind2=" ">
      <subfield code="a">94(82) R862p</subfield>
    </datafield>
    <datafield tag="100" ind1=" " ind2=" ">
      <subfield code="a">Rouquié, Alain.</subfield>
    </datafield>
    <datafield tag="245" ind1=" " ind2=" ">
      <subfield code="a">Poder militar y sociedad política en la Argentina</subfield>
      <subfield code="c"> / Echegaray, Arturo Iglesias, tr.</subfield>
    </datafield>
    <datafield tag="260" ind1=" " ind2=" ">
      <subfield code="a">Buenos Aires</subfield>
      <subfield code="b"> : Hyspamérica</subfield>
      <subfield code="c"> , 1986</subfield>
    </datafield>
    <datafield tag="440" ind1=" " ind2=" ">
      <subfield code="a">Colección historia y sociedad</subfield>
      <subfield code="a">Bibliotecas universitarias</subfield>
      <subfield code="a">Biblioteca argentina de Historia y Política</subfield>
      <subfield code="v">64-65</subfield>
    </datafield>
    <datafield tag="490" ind1=" " ind2=" ">
      <subfield code="a">Colección historia y sociedad</subfield>
      <subfield code="a">Bibliotecas universitarias</subfield>
      <subfield code="a">Biblioteca argentina de Historia y Política</subfield>
      <subfield code="v">64-65</subfield>
    </datafield>
    <datafield tag="650" ind1=" " ind2=" ">
      <subfield code="a"> HISTORIA ARGENTINA</subfield>
    </datafield>
    <datafield tag="650" ind1=" " ind2=" ">
      <subfield code="a"> HISTORIA POLITICA </subfield>
    </datafield>
    <datafield tag="650" ind1=" " ind2=" ">
      <subfield code="a"> GOLPE DE ESTADO</subfield>
    </datafield>
    <datafield tag="650" ind1=" " ind2=" ">
      <subfield code="a"> EJERCITO </subfield>
    </datafield>
    <datafield tag="650" ind1=" " ind2=" ">
      <subfield code="a"> FUERZAS ARMADAS</subfield>
    </datafield>
    <datafield tag="650" ind1=" " ind2=" ">
      <subfield code="a"> SIGLO XX</subfield>
    </datafield>
    <datafield tag="942" ind1=" " ind2=" ">
      <subfield code="c">BK</subfield>
    </datafield>
    <datafield tag="952" ind1=" " ind2=" ">
      <subfield code="a">BIB_RECT</subfield>
      <subfield code="b">BIB_UARG</subfield>
      <subfield code="d">2009-05-26</subfield>
      <subfield code="y">BK</subfield>
      <subfield code="p">05-37891</subfield>
      <subfield code="i">05-37891</subfield>
      <subfield code="g">30</subfield>
      <subfield code="o">94(82) R862p</subfield>
      <subfield code="e">Donación Barbería, Elsa</subfield>
      <subfield code="8">CG</subfield>
    </datafield>
    <datafield tag="952" ind1=" " ind2=" ">
      <subfield code="a">BIB_RECT</subfield>
      <subfield code="b">BIB_UARG</subfield>
      <subfield code="d">2011-06-07</subfield>
      <subfield code="y">BK</subfield>
      <subfield code="p">05-41024</subfield>
      <subfield code="i">05-41024</subfield>
      <subfield code="g">50</subfield>
      <subfield code="o">94(82) R862p</subfield>
      <subfield code="e">Otto Pedersen, Guillermo/09</subfield>
      <subfield code="8">CG</subfield>
    </datafield>
    <datafield tag="952" ind1=" " ind2=" ">
      <subfield code="a">BIB_RECT</subfield>
      <subfield code="b">BIB_UARG</subfield>
      <subfield code="d">2011-06-07</subfield>
      <subfield code="y">BK</subfield>
      <subfield code="p">05-41025</subfield>
      <subfield code="i">05-41025</subfield>
      <subfield code="g">68</subfield>
      <subfield code="o">94(82) R862p</subfield>
      <subfield code="e">Otto Pedersen, Guillermo/09</subfield>
      <subfield code="8">CG</subfield>
    </datafield>
    <datafield tag="952" ind1=" " ind2=" ">
      <subfield code="a">BIB_RECT</subfield>
      <subfield code="b">BIB_UARG</subfield>
      <subfield code="d">2017-09-05</subfield>
      <subfield code="y">BK</subfield>
      <subfield code="p">05-48802</subfield>
      <subfield code="i">05-48802</subfield>
      <subfield code="g">310</subfield>
      <subfield code="o">94(82) R862p</subfield>
      <subfield code="e">Don. UACO</subfield>
      <subfield code="8">CG</subfield>
    </datafield>
    <datafield tag="952" ind1=" " ind2=" ">
      <subfield code="a">BIB_RECT</subfield>
      <subfield code="b">BIB_UARG</subfield>
      <subfield code="d">2017-09-05</subfield>
      <subfield code="y">BK</subfield>
      <subfield code="p">05-48803</subfield>
      <subfield code="i">05-48803</subfield>
      <subfield code="g">350</subfield>
      <subfield code="o">94(82) R862p</subfield>
      <subfield code="e">Don. UACO</subfield>
      <subfield code="8">CG</subfield>
    </datafield>
  </record>