
  <record>
    <leader>01000aam  22002601a 4500</leader>
    <controlfield tag="001">YPZ91290</controlfield>
    <controlfield tag="003">YPZ</controlfield>
    <controlfield tag="005">200906091212040</controlfield>
    <controlfield tag="008">090609|###########||||||b||||||||||spa|d</controlfield>
    <datafield tag="040" ind1=" " ind2=" ">
      <subfield code="c">SIUNPA</subfield>
    </datafield>
    <datafield tag="041" ind1=" " ind2=" ">
      <subfield code="a">spa</subfield>
    </datafield>
    <datafield tag="044" ind1=" " ind2=" ">
      <subfield code="a">AR</subfield>
    </datafield>
    <datafield tag="080" ind1=" " ind2=" ">
      <subfield code="a">821.134.2(82) B732c</subfield>
    </datafield>
    <datafield tag="100" ind1=" " ind2=" ">
      <subfield code="a">Borges, Jorge Luis.</subfield>
    </datafield>
    <datafield tag="245" ind1=" " ind2=" ">
      <subfield code="a">Cuentos</subfield>
      <subfield code="c"> / Mastronardi, Carlos, selección</subfield>
    </datafield>
    <datafield tag="260" ind1=" " ind2=" ">
      <subfield code="a">Buenos Aires</subfield>
      <subfield code="b"> : Centro Editor de América Latina</subfield>
      <subfield code="c"> , 1968</subfield>
    </datafield>
    <datafield tag="440" ind1=" " ind2=" ">
      <subfield code="a">Capítulo. Biblioteca argentina fundamental</subfield>
      <subfield code="v">48</subfield>
    </datafield>
    <datafield tag="490" ind1=" " ind2=" ">
      <subfield code="a">Capítulo. Biblioteca argentina fundamental</subfield>
      <subfield code="v">48</subfield>
    </datafield>
    <datafield tag="505" ind1=" " ind2=" ">
      <subfield code="a">Contenido: el espantoso redentor Lazarus Morell (p. 5-11) - Hombre de la esquina rosada (p. 13-19) - Tlön, Uqbar, Orbis Tertius (p. 21-35) - El acercamiento a Almotásim (p. 37-42) - Las ruinas circulares (p. 43-58) - El jardín de senderos que se bifurcan (p. 49-58) - Funes el memorioso (p. 59-65) - El sur (p. 67-72) - El inmortal (p. 73-91) - El aleph (p. 93-105) - El hacedor (p. 107-108) - El cautivo (p. 109) - Borges y yo (p. 111)</subfield>
    </datafield>
    <datafield tag="650" ind1=" " ind2=" ">
      <subfield code="a"> LITERATURA ARGENTINA</subfield>
    </datafield>
    <datafield tag="650" ind1=" " ind2=" ">
      <subfield code="a"> CUENTO</subfield>
    </datafield>
    <datafield tag="942" ind1=" " ind2=" ">
      <subfield code="c">BK</subfield>
    </datafield>
    <datafield tag="952" ind1=" " ind2=" ">
      <subfield code="a">BIB_RECT</subfield>
      <subfield code="b">BIB_UARG</subfield>
      <subfield code="d">2009-06-09</subfield>
      <subfield code="y">BK</subfield>
      <subfield code="p">05-09976</subfield>
      <subfield code="i">05-09976</subfield>
      <subfield code="g">15</subfield>
      <subfield code="o">821.134.2(82) B732c</subfield>
      <subfield code="e">Masi, Sara/94</subfield>
      <subfield code="8">CG</subfield>
    </datafield>
    <datafield tag="952" ind1=" " ind2=" ">
      <subfield code="a">BIB_RECT</subfield>
      <subfield code="b">BIB_UARG</subfield>
      <subfield code="d">2013-06-26</subfield>
      <subfield code="y">BK</subfield>
      <subfield code="p">05-44981</subfield>
      <subfield code="i">05-44981</subfield>
      <subfield code="g">35</subfield>
      <subfield code="o">821.134.2(82) B732c</subfield>
      <subfield code="e">Flia. Celada, Amelia</subfield>
      <subfield code="8">CG</subfield>
    </datafield>
  </record>