
  <record>
    <leader>01000aam  22002601a 4500</leader>
    <controlfield tag="001">YPZ91297</controlfield>
    <controlfield tag="003">YPZ</controlfield>
    <controlfield tag="005">200906101233300</controlfield>
    <controlfield tag="008">090610|###########||||||b||||||||||spa|d</controlfield>
    <datafield tag="020" ind1=" " ind2=" ">
      <subfield code="a">9788420638461</subfield>
    </datafield>
    <datafield tag="040" ind1=" " ind2=" ">
      <subfield code="c">SIUNPA</subfield>
    </datafield>
    <datafield tag="041" ind1=" " ind2=" ">
      <subfield code="a">spa</subfield>
    </datafield>
    <datafield tag="044" ind1=" " ind2=" ">
      <subfield code="a">ES</subfield>
    </datafield>
    <datafield tag="080" ind1=" " ind2=" ">
      <subfield code="a">159.964.2 F889t</subfield>
    </datafield>
    <datafield tag="100" ind1=" " ind2=" ">
      <subfield code="a">Freud, Sigmund.</subfield>
    </datafield>
    <datafield tag="245" ind1=" " ind2=" ">
      <subfield code="a">Tótem y tabú</subfield>
      <subfield code="c"> / López-Ballesteros y de Torres, Luis, tr.</subfield>
    </datafield>
    <datafield tag="250" ind1=" " ind2=" ">
      <subfield code="a">1a ed., 7a reimpr.</subfield>
    </datafield>
    <datafield tag="260" ind1=" " ind2=" ">
      <subfield code="a">Madrid</subfield>
      <subfield code="b"> : Alianza</subfield>
      <subfield code="c"> , 2007</subfield>
    </datafield>
    <datafield tag="440" ind1=" " ind2=" ">
      <subfield code="a">Los cuadernillos de saltarín</subfield>
      <subfield code="a">Los cuadernillos de saltarín</subfield>
      <subfield code="a">Proyecto Construir el futuro</subfield>
      <subfield code="a">Proyecto Construir el futuro</subfield>
      <subfield code="a">Proyecto Construir el futuro</subfield>
      <subfield code="a">El libro de bolsillo. Biblioteca de autor. Sigmund Freud</subfield>
      <subfield code="v">BA02626</subfield>
    </datafield>
    <datafield tag="490" ind1=" " ind2=" ">
      <subfield code="a">Los cuadernillos de saltarín</subfield>
      <subfield code="a">Los cuadernillos de saltarín</subfield>
      <subfield code="a">Proyecto Construir el futuro</subfield>
      <subfield code="a">Proyecto Construir el futuro</subfield>
      <subfield code="a">Proyecto Construir el futuro</subfield>
      <subfield code="a">El libro de bolsillo. Biblioteca de autor. Sigmund Freud</subfield>
      <subfield code="v">BA02626</subfield>
    </datafield>
    <datafield tag="650" ind1=" " ind2=" ">
      <subfield code="a"> PSICOANALISIS</subfield>
    </datafield>
    <datafield tag="942" ind1=" " ind2=" ">
      <subfield code="c">BK</subfield>
    </datafield>
    <datafield tag="952" ind1=" " ind2=" ">
      <subfield code="a">BIB_RECT</subfield>
      <subfield code="b">BIB_UARG</subfield>
      <subfield code="d">2009-06-09</subfield>
      <subfield code="y">BK</subfield>
      <subfield code="p">05-37986</subfield>
      <subfield code="i">05-37986</subfield>
      <subfield code="g">45</subfield>
      <subfield code="o">159.964.2 F889t</subfield>
      <subfield code="e">PI 29/A229</subfield>
      <subfield code="8">CG</subfield>
    </datafield>
  </record>