
  <record>
    <leader>01000aam  22002601a 4500</leader>
    <controlfield tag="001">YPZ91331</controlfield>
    <controlfield tag="003">YPZ</controlfield>
    <controlfield tag="005">200906171612380</controlfield>
    <controlfield tag="008">090617|###########||||||b||||||||||spa|d</controlfield>
    <datafield tag="040" ind1=" " ind2=" ">
      <subfield code="c">SIUNPA</subfield>
    </datafield>
    <datafield tag="041" ind1=" " ind2=" ">
      <subfield code="a">spa</subfield>
    </datafield>
    <datafield tag="044" ind1=" " ind2=" ">
      <subfield code="a">MX</subfield>
    </datafield>
    <datafield tag="080" ind1=" " ind2=" ">
      <subfield code="a">339.92 I611i</subfield>
    </datafield>
    <datafield tag="245" ind1=" " ind2=" ">
      <subfield code="a">La integración económica centroamericana</subfield>
      <subfield code="c"> / Lizano, Eduardo, selección</subfield>
    </datafield>
    <datafield tag="250" ind1=" " ind2=" ">
      <subfield code="a">1a ed.</subfield>
    </datafield>
    <datafield tag="260" ind1=" " ind2=" ">
      <subfield code="a">México, D.F.</subfield>
      <subfield code="b"> : Fondo de Cultura Económica</subfield>
      <subfield code="c"> , 1975</subfield>
    </datafield>
    <datafield tag="440" ind1=" " ind2=" ">
      <subfield code="a">El trimestre económico. Lecturas</subfield>
      <subfield code="v">13</subfield>
    </datafield>
    <datafield tag="490" ind1=" " ind2=" ">
      <subfield code="a">El trimestre económico. Lecturas</subfield>
      <subfield code="v">13</subfield>
    </datafield>
    <datafield tag="650" ind1=" " ind2=" ">
      <subfield code="a"> INTEGRACION ECONOMICA</subfield>
    </datafield>
    <datafield tag="650" ind1=" " ind2=" ">
      <subfield code="a"> POLITICA ECONOMICA</subfield>
    </datafield>
    <datafield tag="650" ind1=" " ind2=" ">
      <subfield code="a"> SITUACION ECONOMICA</subfield>
    </datafield>
    <datafield tag="650" ind1=" " ind2=" ">
      <subfield code="a"> AMERICA CENTRAL</subfield>
    </datafield>
    <datafield tag="942" ind1=" " ind2=" ">
      <subfield code="c">BK</subfield>
    </datafield>
    <datafield tag="952" ind1=" " ind2=" ">
      <subfield code="a">BIB_RECT</subfield>
      <subfield code="b">BIB_UARG</subfield>
      <subfield code="d">2009-06-17</subfield>
      <subfield code="y">BK</subfield>
      <subfield code="p">05-37942</subfield>
      <subfield code="i">05-37942</subfield>
      <subfield code="g">32</subfield>
      <subfield code="o">339.92 I611i</subfield>
      <subfield code="e">Donación Barbería, Elsa</subfield>
      <subfield code="8">CG</subfield>
    </datafield>
  </record>