
  <record>
    <leader>01000aam  22002601a 4500</leader>
    <controlfield tag="001">YPZ91348</controlfield>
    <controlfield tag="003">YPZ</controlfield>
    <controlfield tag="005">200906191303170</controlfield>
    <controlfield tag="008">090619|###########||||||b||||||||||spa|d</controlfield>
    <datafield tag="020" ind1=" " ind2=" ">
      <subfield code="a">9681832612 (v.1)</subfield>
    </datafield>
    <datafield tag="020" ind1=" " ind2=" ">
      <subfield code="a">9681832620 (v.2)</subfield>
    </datafield>
    <datafield tag="040" ind1=" " ind2=" ">
      <subfield code="c">SIUNPA</subfield>
    </datafield>
    <datafield tag="041" ind1=" " ind2=" ">
      <subfield code="a">spa</subfield>
    </datafield>
    <datafield tag="044" ind1=" " ind2=" ">
      <subfield code="a">MX</subfield>
    </datafield>
    <datafield tag="080" ind1=" " ind2=" ">
      <subfield code="a">517 K92m5</subfield>
    </datafield>
    <datafield tag="100" ind1=" " ind2=" ">
      <subfield code="a">Kreyszig, Erwin.</subfield>
    </datafield>
    <datafield tag="245" ind1=" " ind2=" ">
      <subfield code="a">Matemáticas avanzadas para ingeniería</subfield>
      <subfield code="c"> / Pérez Castellanos, José Hernán, tr.</subfield>
    </datafield>
    <datafield tag="250" ind1=" " ind2=" ">
      <subfield code="a">1a y 2a ed. en español de la 5a ed. en inglés</subfield>
    </datafield>
    <datafield tag="260" ind1=" " ind2=" ">
      <subfield code="a">México, D.F.</subfield>
      <subfield code="b"> : Limusa</subfield>
      <subfield code="c"> , c1992, 1997</subfield>
    </datafield>
    <datafield tag="500" ind1=" " ind2=" ">
      <subfield code="a">En cubierta: Nueva edición en español de la 5a ed. en inglés</subfield>
    </datafield>
    <datafield tag="500" ind1=" " ind2=" ">
      <subfield code="a">El año de reimpresión varía según el ejemplar</subfield>
    </datafield>
    <datafield tag="650" ind1=" " ind2=" ">
      <subfield code="a"> ANALISIS MATEMATICO</subfield>
    </datafield>
    <datafield tag="650" ind1=" " ind2=" ">
      <subfield code="a"> MATEMATICAS PARA INGENIEROS</subfield>
    </datafield>
    <datafield tag="942" ind1=" " ind2=" ">
      <subfield code="c">BK</subfield>
    </datafield>
    <datafield tag="952" ind1=" " ind2=" ">
      <subfield code="a">BIB_RECT</subfield>
      <subfield code="b">BIB_UACO</subfield>
      <subfield code="d">2009-12-03</subfield>
      <subfield code="y">BK</subfield>
      <subfield code="p">02-03186</subfield>
      <subfield code="i">02-03186</subfield>
      <subfield code="g">56</subfield>
      <subfield code="o">517 K92m5</subfield>
      <subfield code="e">UFPA-UACO</subfield>
      <subfield code="8">CG</subfield>
    </datafield>
    <datafield tag="952" ind1=" " ind2=" ">
      <subfield code="a">BIB_RECT</subfield>
      <subfield code="b">BIB_UACO</subfield>
      <subfield code="d">2009-12-03</subfield>
      <subfield code="y">BK</subfield>
      <subfield code="p">02-03187</subfield>
      <subfield code="i">02-03187</subfield>
      <subfield code="g">56</subfield>
      <subfield code="o">517 K92m5</subfield>
      <subfield code="e">UFPA-UACO</subfield>
      <subfield code="8">CG</subfield>
    </datafield>
    <datafield tag="952" ind1=" " ind2=" ">
      <subfield code="a">BIB_RECT</subfield>
      <subfield code="b">BIB_UACO</subfield>
      <subfield code="d">2009-12-03</subfield>
      <subfield code="y">BK</subfield>
      <subfield code="p">02-03188</subfield>
      <subfield code="i">02-03188</subfield>
      <subfield code="g">56</subfield>
      <subfield code="o">517 K92m5</subfield>
      <subfield code="e">Decanato</subfield>
      <subfield code="8">CG</subfield>
    </datafield>
    <datafield tag="952" ind1=" " ind2=" ">
      <subfield code="a">BIB_RECT</subfield>
      <subfield code="b">BIB_UACO</subfield>
      <subfield code="d">2009-12-03</subfield>
      <subfield code="y">BK</subfield>
      <subfield code="p">02-03189</subfield>
      <subfield code="i">02-03189</subfield>
      <subfield code="g">56</subfield>
      <subfield code="o">517 K92m5</subfield>
      <subfield code="e">Decanato</subfield>
      <subfield code="8">CG</subfield>
    </datafield>
    <datafield tag="952" ind1=" " ind2=" ">
      <subfield code="a">BIB_RECT</subfield>
      <subfield code="b">BIB_UACO</subfield>
      <subfield code="d">2009-12-03</subfield>
      <subfield code="y">BK</subfield>
      <subfield code="p">02-03482</subfield>
      <subfield code="i">02-03482</subfield>
      <subfield code="g">56</subfield>
      <subfield code="o">517 K92m5</subfield>
      <subfield code="e">F. de Grado - UACO</subfield>
      <subfield code="8">CG</subfield>
    </datafield>
    <datafield tag="952" ind1=" " ind2=" ">
      <subfield code="a">BIB_RECT</subfield>
      <subfield code="b">BIB_UACO</subfield>
      <subfield code="d">2009-12-03</subfield>
      <subfield code="y">BK</subfield>
      <subfield code="p">02-03483</subfield>
      <subfield code="i">02-03483</subfield>
      <subfield code="g">56</subfield>
      <subfield code="o">517 K92m5</subfield>
      <subfield code="e">F. de Grado - UACO</subfield>
      <subfield code="8">CG</subfield>
    </datafield>
    <datafield tag="952" ind1=" " ind2=" ">
      <subfield code="a">BIB_RECT</subfield>
      <subfield code="b">BIB_UACO</subfield>
      <subfield code="d">2009-06-19</subfield>
      <subfield code="y">BK</subfield>
      <subfield code="p">02-04874</subfield>
      <subfield code="i">02-04874</subfield>
      <subfield code="g">56</subfield>
      <subfield code="o">517 K92m5</subfield>
      <subfield code="e">FOMEC/97</subfield>
      <subfield code="8">CG</subfield>
    </datafield>
    <datafield tag="952" ind1=" " ind2=" ">
      <subfield code="a">BIB_RECT</subfield>
      <subfield code="b">BIB_UACO</subfield>
      <subfield code="d">2009-06-19</subfield>
      <subfield code="y">BK</subfield>
      <subfield code="p">02-04875</subfield>
      <subfield code="i">02-04875</subfield>
      <subfield code="g">56</subfield>
      <subfield code="o">517 K92m5</subfield>
      <subfield code="e">FOMEC/97</subfield>
      <subfield code="8">CG</subfield>
    </datafield>
    <datafield tag="952" ind1=" " ind2=" ">
      <subfield code="a">BIB_RECT</subfield>
      <subfield code="b">BIB_UACO</subfield>
      <subfield code="d">2009-06-19</subfield>
      <subfield code="y">BK</subfield>
      <subfield code="p">02-04876</subfield>
      <subfield code="i">02-04876</subfield>
      <subfield code="g">56</subfield>
      <subfield code="o">517 K92m5</subfield>
      <subfield code="e">FOMEC/97</subfield>
      <subfield code="8">CG</subfield>
    </datafield>
    <datafield tag="952" ind1=" " ind2=" ">
      <subfield code="a">BIB_RECT</subfield>
      <subfield code="b">BIB_UARG</subfield>
      <subfield code="d">2009-12-03</subfield>
      <subfield code="y">BK</subfield>
      <subfield code="p">05-07546</subfield>
      <subfield code="i">05-07546</subfield>
      <subfield code="g">56</subfield>
      <subfield code="o">517 K92m5</subfield>
      <subfield code="e">Migración UARG</subfield>
      <subfield code="8">CG</subfield>
    </datafield>
    <datafield tag="952" ind1=" " ind2=" ">
      <subfield code="a">BIB_RECT</subfield>
      <subfield code="b">BIB_UARG</subfield>
      <subfield code="d">2009-12-03</subfield>
      <subfield code="y">BK</subfield>
      <subfield code="p">05-07547</subfield>
      <subfield code="i">05-07547</subfield>
      <subfield code="g">56</subfield>
      <subfield code="o">517 K92m5</subfield>
      <subfield code="e">FOMEC 585</subfield>
      <subfield code="8">CG</subfield>
    </datafield>
    <datafield tag="952" ind1=" " ind2=" ">
      <subfield code="a">BIB_RECT</subfield>
      <subfield code="b">BIB_UARG</subfield>
      <subfield code="d">2009-11-03</subfield>
      <subfield code="y">BK</subfield>
      <subfield code="p">05-10652</subfield>
      <subfield code="i">05-10652</subfield>
      <subfield code="g">56</subfield>
      <subfield code="o">517 K92m5</subfield>
      <subfield code="e">FOMEC 585</subfield>
      <subfield code="8">CG</subfield>
    </datafield>
    <datafield tag="952" ind1=" " ind2=" ">
      <subfield code="a">BIB_RECT</subfield>
      <subfield code="b">BIB_UARG</subfield>
      <subfield code="d">2009-10-27</subfield>
      <subfield code="y">BK</subfield>
      <subfield code="p">05-10653</subfield>
      <subfield code="i">05-10653</subfield>
      <subfield code="g">56</subfield>
      <subfield code="o">517 K92m5</subfield>
      <subfield code="e">FOMEC 585</subfield>
      <subfield code="8">CG</subfield>
    </datafield>
    <datafield tag="952" ind1=" " ind2=" ">
      <subfield code="a">BIB_RECT</subfield>
      <subfield code="b">BIB_UARG</subfield>
      <subfield code="d">2009-12-03</subfield>
      <subfield code="y">BK</subfield>
      <subfield code="p">05-10654</subfield>
      <subfield code="i">05-10654</subfield>
      <subfield code="g">56</subfield>
      <subfield code="o">517 K92m5</subfield>
      <subfield code="e">Migración UARG</subfield>
      <subfield code="8">CG</subfield>
    </datafield>
    <datafield tag="952" ind1=" " ind2=" ">
      <subfield code="a">BIB_RECT</subfield>
      <subfield code="b">BIB_UARG</subfield>
      <subfield code="d">2009-09-30</subfield>
      <subfield code="y">BK</subfield>
      <subfield code="p">05-10712</subfield>
      <subfield code="i">05-10712</subfield>
      <subfield code="g">56</subfield>
      <subfield code="o">517 K92m5</subfield>
      <subfield code="e">FOMEC 585</subfield>
      <subfield code="8">CG</subfield>
    </datafield>
  </record>