
  <record>
    <leader>01000aam  22002601a 4500</leader>
    <controlfield tag="001">YPZ91349</controlfield>
    <controlfield tag="003">YPZ</controlfield>
    <controlfield tag="005">200906191528300</controlfield>
    <controlfield tag="008">090619|###########||||||b||||||||||spa|d</controlfield>
    <datafield tag="020" ind1=" " ind2=" ">
      <subfield code="a">842915129X</subfield>
    </datafield>
    <datafield tag="040" ind1=" " ind2=" ">
      <subfield code="c">SIUNPA</subfield>
    </datafield>
    <datafield tag="041" ind1=" " ind2=" ">
      <subfield code="a">spa</subfield>
    </datafield>
    <datafield tag="044" ind1=" " ind2=" ">
      <subfield code="a">ES</subfield>
    </datafield>
    <datafield tag="080" ind1=" " ind2=" ">
      <subfield code="a">512 S577a</subfield>
    </datafield>
    <datafield tag="100" ind1=" " ind2=" ">
      <subfield code="a">Sigler, L. E..</subfield>
    </datafield>
    <datafield tag="245" ind1=" " ind2=" ">
      <subfield code="a">Álgebra</subfield>
      <subfield code="c"> / Bou García, Luis, versión española ; Linés Escardó, Enrique, rev.</subfield>
    </datafield>
    <datafield tag="260" ind1=" " ind2=" ">
      <subfield code="a">Barcelona</subfield>
      <subfield code="b"> : Reverté</subfield>
      <subfield code="c"> , 1981</subfield>
    </datafield>
    <datafield tag="650" ind1=" " ind2=" ">
      <subfield code="a"> ALGEBRA  TEORIA ALGEBRAICA DE LOS NUMEROS</subfield>
    </datafield>
    <datafield tag="650" ind1=" " ind2=" ">
      <subfield code="a"> TEORIA DE LOS ANILLOS</subfield>
    </datafield>
    <datafield tag="650" ind1=" " ind2=" ">
      <subfield code="a"> ALGEBRA LINEAL</subfield>
    </datafield>
    <datafield tag="650" ind1=" " ind2=" ">
      <subfield code="a"> POLINOMIOS</subfield>
    </datafield>
    <datafield tag="942" ind1=" " ind2=" ">
      <subfield code="c">BK</subfield>
    </datafield>
    <datafield tag="952" ind1=" " ind2=" ">
      <subfield code="a">BIB_RECT</subfield>
      <subfield code="b">BIB_UACO</subfield>
      <subfield code="d">2009-06-19</subfield>
      <subfield code="y">BK</subfield>
      <subfield code="p">02-05933</subfield>
      <subfield code="i">02-05933</subfield>
      <subfield code="g">45</subfield>
      <subfield code="o">512 S577a</subfield>
      <subfield code="e">Migración UACO</subfield>
      <subfield code="8">CG</subfield>
    </datafield>
    <datafield tag="952" ind1=" " ind2=" ">
      <subfield code="a">BIB_RECT</subfield>
      <subfield code="b">BIB_UACO</subfield>
      <subfield code="d">2009-06-19</subfield>
      <subfield code="y">BK</subfield>
      <subfield code="p">02-05934</subfield>
      <subfield code="i">02-05934</subfield>
      <subfield code="g">45</subfield>
      <subfield code="o">512 S577a</subfield>
      <subfield code="e">Migración UACO</subfield>
      <subfield code="8">CG</subfield>
    </datafield>
    <datafield tag="952" ind1=" " ind2=" ">
      <subfield code="a">BIB_RECT</subfield>
      <subfield code="b">BIB_UACO</subfield>
      <subfield code="d">2009-06-19</subfield>
      <subfield code="y">BK</subfield>
      <subfield code="p">02-05935</subfield>
      <subfield code="i">02-05935</subfield>
      <subfield code="g">45</subfield>
      <subfield code="o">512 S577a</subfield>
      <subfield code="e">Migración UACO</subfield>
      <subfield code="8">CG</subfield>
    </datafield>
    <datafield tag="952" ind1=" " ind2=" ">
      <subfield code="a">BIB_RECT</subfield>
      <subfield code="b">BIB_UACO</subfield>
      <subfield code="d">2009-06-19</subfield>
      <subfield code="y">BK</subfield>
      <subfield code="p">02-05936</subfield>
      <subfield code="i">02-05936</subfield>
      <subfield code="g">45</subfield>
      <subfield code="o">512 S577a</subfield>
      <subfield code="e">Migración UACO</subfield>
      <subfield code="8">CG</subfield>
    </datafield>
    <datafield tag="952" ind1=" " ind2=" ">
      <subfield code="a">BIB_RECT</subfield>
      <subfield code="b">BIB_UACO</subfield>
      <subfield code="d">2009-06-19</subfield>
      <subfield code="y">BK</subfield>
      <subfield code="p">02-05937</subfield>
      <subfield code="i">02-05937</subfield>
      <subfield code="g">45</subfield>
      <subfield code="o">512 S577a</subfield>
      <subfield code="e">Migración UACO</subfield>
      <subfield code="8">CG</subfield>
    </datafield>
    <datafield tag="952" ind1=" " ind2=" ">
      <subfield code="a">BIB_RECT</subfield>
      <subfield code="b">BIB_UACO</subfield>
      <subfield code="d">2009-06-19</subfield>
      <subfield code="y">BK</subfield>
      <subfield code="p">02-05938</subfield>
      <subfield code="i">02-05938</subfield>
      <subfield code="g">45</subfield>
      <subfield code="o">512 S577a</subfield>
      <subfield code="e">Migración UACO</subfield>
      <subfield code="8">CG</subfield>
    </datafield>
    <datafield tag="952" ind1=" " ind2=" ">
      <subfield code="a">BIB_RECT</subfield>
      <subfield code="b">BIB_UACO</subfield>
      <subfield code="d">2009-06-19</subfield>
      <subfield code="y">BK</subfield>
      <subfield code="p">02-05939</subfield>
      <subfield code="i">02-05939</subfield>
      <subfield code="g">45</subfield>
      <subfield code="o">512 S577a</subfield>
      <subfield code="e">Migración UACO</subfield>
      <subfield code="8">CG</subfield>
    </datafield>
    <datafield tag="952" ind1=" " ind2=" ">
      <subfield code="a">BIB_RECT</subfield>
      <subfield code="b">BIB_UACO</subfield>
      <subfield code="d">2009-06-19</subfield>
      <subfield code="y">BK</subfield>
      <subfield code="p">02-05940</subfield>
      <subfield code="i">02-05940</subfield>
      <subfield code="g">45</subfield>
      <subfield code="o">512 S577a</subfield>
      <subfield code="e">Migración UACO</subfield>
      <subfield code="8">CG</subfield>
    </datafield>
    <datafield tag="952" ind1=" " ind2=" ">
      <subfield code="a">BIB_RECT</subfield>
      <subfield code="b">BIB_UACO</subfield>
      <subfield code="d">2009-06-19</subfield>
      <subfield code="y">BK</subfield>
      <subfield code="p">02-05941</subfield>
      <subfield code="i">02-05941</subfield>
      <subfield code="g">45</subfield>
      <subfield code="o">512 S577a</subfield>
      <subfield code="e">Migración UACO</subfield>
      <subfield code="8">CG</subfield>
    </datafield>
    <datafield tag="952" ind1=" " ind2=" ">
      <subfield code="a">BIB_RECT</subfield>
      <subfield code="b">BIB_UACO</subfield>
      <subfield code="d">2009-06-19</subfield>
      <subfield code="y">BK</subfield>
      <subfield code="p">02-05942</subfield>
      <subfield code="i">02-05942</subfield>
      <subfield code="g">45</subfield>
      <subfield code="o">512 S577a</subfield>
      <subfield code="e">Migración UACO</subfield>
      <subfield code="8">CG</subfield>
    </datafield>
    <datafield tag="952" ind1=" " ind2=" ">
      <subfield code="a">BIB_RECT</subfield>
      <subfield code="b">BIB_UACO</subfield>
      <subfield code="d">2009-06-19</subfield>
      <subfield code="y">BK</subfield>
      <subfield code="p">02-05943</subfield>
      <subfield code="i">02-05943</subfield>
      <subfield code="g">45</subfield>
      <subfield code="o">512 S577a</subfield>
      <subfield code="e">Migración UACO</subfield>
      <subfield code="8">CG</subfield>
    </datafield>
    <datafield tag="952" ind1=" " ind2=" ">
      <subfield code="a">BIB_RECT</subfield>
      <subfield code="b">BIB_UACO</subfield>
      <subfield code="d">2009-06-19</subfield>
      <subfield code="y">BK</subfield>
      <subfield code="p">02-05944</subfield>
      <subfield code="i">02-05944</subfield>
      <subfield code="g">45</subfield>
      <subfield code="o">512 S577a</subfield>
      <subfield code="e">Migración UACO</subfield>
      <subfield code="8">CG</subfield>
    </datafield>
    <datafield tag="952" ind1=" " ind2=" ">
      <subfield code="a">BIB_RECT</subfield>
      <subfield code="b">BIB_UACO</subfield>
      <subfield code="d">2009-06-19</subfield>
      <subfield code="y">BK</subfield>
      <subfield code="p">02-05945</subfield>
      <subfield code="i">02-05945</subfield>
      <subfield code="g">45</subfield>
      <subfield code="o">512 S577a</subfield>
      <subfield code="e">Migración UACO</subfield>
      <subfield code="8">CG</subfield>
    </datafield>
    <datafield tag="952" ind1=" " ind2=" ">
      <subfield code="a">BIB_RECT</subfield>
      <subfield code="b">BIB_UACO</subfield>
      <subfield code="d">2009-06-19</subfield>
      <subfield code="y">BK</subfield>
      <subfield code="p">02-05946</subfield>
      <subfield code="i">02-05946</subfield>
      <subfield code="g">45</subfield>
      <subfield code="o">512 S577a</subfield>
      <subfield code="e">Migración UACO</subfield>
      <subfield code="8">CG</subfield>
    </datafield>
    <datafield tag="952" ind1=" " ind2=" ">
      <subfield code="a">BIB_RECT</subfield>
      <subfield code="b">BIB_UACO</subfield>
      <subfield code="d">2009-06-19</subfield>
      <subfield code="y">BK</subfield>
      <subfield code="p">02-05947</subfield>
      <subfield code="i">02-05947</subfield>
      <subfield code="g">45</subfield>
      <subfield code="o">512 S577a</subfield>
      <subfield code="e">Migración UACO</subfield>
      <subfield code="8">CG</subfield>
    </datafield>
    <datafield tag="952" ind1=" " ind2=" ">
      <subfield code="a">BIB_RECT</subfield>
      <subfield code="b">BIB_UACO</subfield>
      <subfield code="d">2009-06-19</subfield>
      <subfield code="y">BK</subfield>
      <subfield code="p">02-05948</subfield>
      <subfield code="i">02-05948</subfield>
      <subfield code="g">45</subfield>
      <subfield code="o">512 S577a</subfield>
      <subfield code="e">Migración UACO</subfield>
      <subfield code="8">CG</subfield>
    </datafield>
    <datafield tag="952" ind1=" " ind2=" ">
      <subfield code="a">BIB_RECT</subfield>
      <subfield code="b">SAT_TRUN</subfield>
      <subfield code="d">2009-06-19</subfield>
      <subfield code="y">BK</subfield>
      <subfield code="p">10-05949</subfield>
      <subfield code="i">10-05949</subfield>
      <subfield code="g">45</subfield>
      <subfield code="o">512 S577a</subfield>
      <subfield code="e">FOMEC 585/97</subfield>
      <subfield code="8">CG</subfield>
    </datafield>
    <datafield tag="952" ind1=" " ind2=" ">
      <subfield code="a">BIB_RECT</subfield>
      <subfield code="b">SAT_TRUN</subfield>
      <subfield code="d">2009-06-19</subfield>
      <subfield code="y">BK</subfield>
      <subfield code="p">10-05950</subfield>
      <subfield code="i">10-05950</subfield>
      <subfield code="g">45</subfield>
      <subfield code="o">512 S577a</subfield>
      <subfield code="e">FOMEC 585/97</subfield>
      <subfield code="8">CG</subfield>
    </datafield>
  </record>