
  <record>
    <leader>01000aam  22002601a 4500</leader>
    <controlfield tag="001">YPZ91357</controlfield>
    <controlfield tag="003">YPZ</controlfield>
    <controlfield tag="005">200906221222080</controlfield>
    <controlfield tag="008">090622|###########||||||b||||||||||spa|d</controlfield>
    <datafield tag="040" ind1=" " ind2=" ">
      <subfield code="c">SIUNPA</subfield>
    </datafield>
    <datafield tag="041" ind1=" " ind2=" ">
      <subfield code="a">spa</subfield>
    </datafield>
    <datafield tag="044" ind1=" " ind2=" ">
      <subfield code="a">MX</subfield>
    </datafield>
    <datafield tag="080" ind1=" " ind2=" ">
      <subfield code="a">330.1 G581r5</subfield>
    </datafield>
    <datafield tag="100" ind1=" " ind2=" ">
      <subfield code="a">Godelier, Maurice.</subfield>
    </datafield>
    <datafield tag="245" ind1=" " ind2=" ">
      <subfield code="a">Racionalidad e irracionalidad en economía</subfield>
      <subfield code="c"> / Blanc, Nicole, tr.</subfield>
    </datafield>
    <datafield tag="250" ind1=" " ind2=" ">
      <subfield code="a">5a ed. en español</subfield>
    </datafield>
    <datafield tag="260" ind1=" " ind2=" ">
      <subfield code="a">México, D.F.</subfield>
      <subfield code="b"> : Siglo Veintiuno</subfield>
      <subfield code="c"> , 1975</subfield>
    </datafield>
    <datafield tag="650" ind1=" " ind2=" ">
      <subfield code="a"> DESARROLLO ECONOMICO Y SOCIAL</subfield>
    </datafield>
    <datafield tag="650" ind1=" " ind2=" ">
      <subfield code="a"> TEORIA ECONOMICA</subfield>
    </datafield>
    <datafield tag="650" ind1=" " ind2=" ">
      <subfield code="a"> MODELO ECONOMICO</subfield>
    </datafield>
    <datafield tag="942" ind1=" " ind2=" ">
      <subfield code="c">BK</subfield>
    </datafield>
    <datafield tag="952" ind1=" " ind2=" ">
      <subfield code="a">BIB_RECT</subfield>
      <subfield code="b">BIB_UARG</subfield>
      <subfield code="d">2009-05-28</subfield>
      <subfield code="y">BK</subfield>
      <subfield code="p">05-37946</subfield>
      <subfield code="i">05-37946</subfield>
      <subfield code="g">36</subfield>
      <subfield code="o">330.1 G581r5</subfield>
      <subfield code="e">Donación Barbería, Elsa</subfield>
      <subfield code="8">CG</subfield>
    </datafield>
  </record>