
  <record>
    <leader>01000aam  22002601a 4500</leader>
    <controlfield tag="001">YPZ91361</controlfield>
    <controlfield tag="003">YPZ</controlfield>
    <controlfield tag="005">200906230930400</controlfield>
    <controlfield tag="008">090623|###########||||||b||||||||||spa|d</controlfield>
    <datafield tag="020" ind1=" " ind2=" ">
      <subfield code="a">9789875212848</subfield>
    </datafield>
    <datafield tag="040" ind1=" " ind2=" ">
      <subfield code="c">SIUNPA</subfield>
    </datafield>
    <datafield tag="041" ind1=" " ind2=" ">
      <subfield code="a">spa</subfield>
    </datafield>
    <datafield tag="044" ind1=" " ind2=" ">
      <subfield code="a">AR</subfield>
    </datafield>
    <datafield tag="080" ind1=" " ind2=" ">
      <subfield code="a">635.9 J373ja</subfield>
    </datafield>
    <datafield tag="100" ind1=" " ind2=" ">
      <subfield code="a">Oliva, Gabriel.</subfield>
    </datafield>
    <datafield tag="700" ind1=" " ind2=" ">
      <subfield code="a">Kofalt, Rosa.</subfield>
    </datafield>
    <datafield tag="700" ind1=" " ind2=" ">
      <subfield code="a">Mascó, Mercedes.</subfield>
    </datafield>
    <datafield tag="700" ind1=" " ind2=" ">
      <subfield code="a">Woll, María Mercedes.</subfield>
    </datafield>
    <datafield tag="700" ind1=" " ind2=" ">
      <subfield code="a">Montes, Leopoldo.</subfield>
    </datafield>
    <datafield tag="245" ind1=" " ind2=" ">
      <subfield code="a">Un jardín en la Patagonia austral</subfield>
      <subfield code="b"> : una guía para crear y mantener un jardín en base a la experiencia del Sr. Jesse Aldridge</subfield>
    </datafield>
    <datafield tag="260" ind1=" " ind2=" ">
      <subfield code="a">Río Gallegos</subfield>
      <subfield code="b"> : Estación Experimental Agropecuaria Santa Cruz, INTA</subfield>
      <subfield code="c"> , 2008</subfield>
    </datafield>
    <datafield tag="650" ind1=" " ind2=" ">
      <subfield code="a"> JARDINERIA</subfield>
    </datafield>
    <datafield tag="650" ind1=" " ind2=" ">
      <subfield code="a"> FLORICULTURA</subfield>
    </datafield>
    <datafield tag="650" ind1=" " ind2=" ">
      <subfield code="a"> REGION PATAGONICA</subfield>
    </datafield>
    <datafield tag="650" ind1=" " ind2=" ">
      <subfield code="a"> PLANTAS ORNAMENTALES</subfield>
    </datafield>
    <datafield tag="650" ind1=" " ind2=" ">
      <subfield code="a"> SANTA CRUZ (ARGENTINA)</subfield>
    </datafield>
    <datafield tag="942" ind1=" " ind2=" ">
      <subfield code="c">BK</subfield>
    </datafield>
    <datafield tag="952" ind1=" " ind2=" ">
      <subfield code="a">BIB_RECT</subfield>
      <subfield code="b">BIB_UASJ</subfield>
      <subfield code="d">2009-09-24</subfield>
      <subfield code="y">BK</subfield>
      <subfield code="p">04-38380</subfield>
      <subfield code="i">04-38380</subfield>
      <subfield code="g">30</subfield>
      <subfield code="o">635.9 J373ja</subfield>
      <subfield code="e">Donación UARG</subfield>
      <subfield code="8">CG</subfield>
    </datafield>
    <datafield tag="952" ind1=" " ind2=" ">
      <subfield code="a">BIB_RECT</subfield>
      <subfield code="b">BIB_UASJ</subfield>
      <subfield code="d">2009-09-24</subfield>
      <subfield code="y">BK</subfield>
      <subfield code="p">04-38381</subfield>
      <subfield code="i">04-38381</subfield>
      <subfield code="g">30</subfield>
      <subfield code="o">635.9 J373ja</subfield>
      <subfield code="e">Donación UARG</subfield>
      <subfield code="8">CG</subfield>
    </datafield>
    <datafield tag="952" ind1=" " ind2=" ">
      <subfield code="a">BIB_RECT</subfield>
      <subfield code="b">BIB_UASJ</subfield>
      <subfield code="d">2009-09-24</subfield>
      <subfield code="y">BK</subfield>
      <subfield code="p">04-38382</subfield>
      <subfield code="i">04-38382</subfield>
      <subfield code="g">30</subfield>
      <subfield code="o">635.9 J373ja</subfield>
      <subfield code="e">Donación UARG</subfield>
      <subfield code="8">CG</subfield>
    </datafield>
    <datafield tag="952" ind1=" " ind2=" ">
      <subfield code="a">BIB_RECT</subfield>
      <subfield code="b">BIB_UASJ</subfield>
      <subfield code="d">2009-09-24</subfield>
      <subfield code="y">BK</subfield>
      <subfield code="p">04-38383</subfield>
      <subfield code="i">04-38383</subfield>
      <subfield code="g">30</subfield>
      <subfield code="o">635.9 J373ja</subfield>
      <subfield code="e">Donación  UARG</subfield>
      <subfield code="8">CG</subfield>
    </datafield>
    <datafield tag="952" ind1=" " ind2=" ">
      <subfield code="a">BIB_RECT</subfield>
      <subfield code="b">BIB_UARG</subfield>
      <subfield code="d">2009-06-22</subfield>
      <subfield code="y">BK</subfield>
      <subfield code="p">05-38036</subfield>
      <subfield code="i">05-38036</subfield>
      <subfield code="g">30</subfield>
      <subfield code="o">635.9 J373ja</subfield>
      <subfield code="e">Prof. Mg. Guillermo Clifton Acuer.619/08</subfield>
      <subfield code="8">CG</subfield>
    </datafield>
    <datafield tag="952" ind1=" " ind2=" ">
      <subfield code="a">BIB_RECT</subfield>
      <subfield code="b">BIB_UARG</subfield>
      <subfield code="d">2009-06-22</subfield>
      <subfield code="y">BK</subfield>
      <subfield code="p">05-38037</subfield>
      <subfield code="i">05-38037</subfield>
      <subfield code="g">30</subfield>
      <subfield code="o">635.9 J373ja</subfield>
      <subfield code="e">Prof. Mg. Guillermo Clifton Acuer.619/08</subfield>
      <subfield code="8">CG</subfield>
    </datafield>
    <datafield tag="952" ind1=" " ind2=" ">
      <subfield code="a">BIB_RECT</subfield>
      <subfield code="b">BIB_UARG</subfield>
      <subfield code="d">2009-06-22</subfield>
      <subfield code="y">BK</subfield>
      <subfield code="p">05-38038</subfield>
      <subfield code="i">05-38038</subfield>
      <subfield code="g">30</subfield>
      <subfield code="o">635.9 J373ja</subfield>
      <subfield code="e">Prof. Mg. Guillermo Clifton Acuer.619/08</subfield>
      <subfield code="8">CG</subfield>
    </datafield>
    <datafield tag="952" ind1=" " ind2=" ">
      <subfield code="a">BIB_RECT</subfield>
      <subfield code="b">BIB_UARG</subfield>
      <subfield code="d">2009-06-22</subfield>
      <subfield code="y">BK</subfield>
      <subfield code="p">05-38039</subfield>
      <subfield code="i">05-38039</subfield>
      <subfield code="g">30</subfield>
      <subfield code="o">635.9 J373ja</subfield>
      <subfield code="e">Prof. Mg. Guillermo Clifton Acuer.619/08</subfield>
      <subfield code="8">CG</subfield>
    </datafield>
    <datafield tag="952" ind1=" " ind2=" ">
      <subfield code="a">BIB_RECT</subfield>
      <subfield code="b">BIB_UARG</subfield>
      <subfield code="d">2009-06-22</subfield>
      <subfield code="y">BK</subfield>
      <subfield code="p">05-38040</subfield>
      <subfield code="i">05-38040</subfield>
      <subfield code="g">30</subfield>
      <subfield code="o">635.9 J373ja</subfield>
      <subfield code="e">Prof. Mg. Guillermo Clifton Acuer.619/08</subfield>
      <subfield code="8">CG</subfield>
    </datafield>
    <datafield tag="952" ind1=" " ind2=" ">
      <subfield code="a">BIB_RECT</subfield>
      <subfield code="b">BIB_UARG</subfield>
      <subfield code="d">2009-06-22</subfield>
      <subfield code="y">BK</subfield>
      <subfield code="p">05-38041</subfield>
      <subfield code="i">05-38041</subfield>
      <subfield code="g">30</subfield>
      <subfield code="o">635.9 J373ja</subfield>
      <subfield code="e">Prof. Mg. Guillermo Clifton Acuer.619/08</subfield>
      <subfield code="8">CG</subfield>
    </datafield>
    <datafield tag="952" ind1=" " ind2=" ">
      <subfield code="a">BIB_RECT</subfield>
      <subfield code="b">BIB_UARG</subfield>
      <subfield code="d">2009-06-22</subfield>
      <subfield code="y">BK</subfield>
      <subfield code="p">05-38042</subfield>
      <subfield code="i">05-38042</subfield>
      <subfield code="g">30</subfield>
      <subfield code="o">635.9 J373ja</subfield>
      <subfield code="e">Prof. Mg. Guillermo Clifton Acuer.619/08</subfield>
      <subfield code="8">CG</subfield>
    </datafield>
    <datafield tag="952" ind1=" " ind2=" ">
      <subfield code="a">BIB_RECT</subfield>
      <subfield code="b">BIB_UARG</subfield>
      <subfield code="d">2009-06-22</subfield>
      <subfield code="y">BK</subfield>
      <subfield code="p">05-38043</subfield>
      <subfield code="i">05-38043</subfield>
      <subfield code="g">30</subfield>
      <subfield code="o">635.9 J373ja</subfield>
      <subfield code="e">Prof. Mg. Guillermo Clifton Acuer.619/08</subfield>
      <subfield code="8">CG</subfield>
    </datafield>
    <datafield tag="952" ind1=" " ind2=" ">
      <subfield code="a">BIB_RECT</subfield>
      <subfield code="b">BIB_UARG</subfield>
      <subfield code="d">2009-06-22</subfield>
      <subfield code="y">BK</subfield>
      <subfield code="p">05-38044</subfield>
      <subfield code="i">05-38044</subfield>
      <subfield code="g">30</subfield>
      <subfield code="o">635.9 J373ja</subfield>
      <subfield code="e">Prof. Mg. Guillermo Clifton Acuer.619/08</subfield>
      <subfield code="8">CG</subfield>
    </datafield>
    <datafield tag="952" ind1=" " ind2=" ">
      <subfield code="a">BIB_RECT</subfield>
      <subfield code="b">BIB_UARG</subfield>
      <subfield code="d">2009-06-22</subfield>
      <subfield code="y">BK</subfield>
      <subfield code="p">05-38045</subfield>
      <subfield code="i">05-38045</subfield>
      <subfield code="g">30</subfield>
      <subfield code="o">635.9 J373ja</subfield>
      <subfield code="e">Prof. Mg. Guillermo Clifton Acuer.619/08</subfield>
      <subfield code="8">CG</subfield>
    </datafield>
    <datafield tag="952" ind1=" " ind2=" ">
      <subfield code="a">BIB_RECT</subfield>
      <subfield code="b">BIB_UARG</subfield>
      <subfield code="d">2009-06-22</subfield>
      <subfield code="y">BK</subfield>
      <subfield code="p">05-38046</subfield>
      <subfield code="i">05-38046</subfield>
      <subfield code="g">30</subfield>
      <subfield code="o">635.9 J373ja</subfield>
      <subfield code="e">Prof. Mg. Guillermo Clifton Acuer.619/08</subfield>
      <subfield code="8">CG</subfield>
    </datafield>
    <datafield tag="952" ind1=" " ind2=" ">
      <subfield code="a">BIB_RECT</subfield>
      <subfield code="b">BIB_UARG</subfield>
      <subfield code="d">2009-06-22</subfield>
      <subfield code="y">BK</subfield>
      <subfield code="p">05-38047</subfield>
      <subfield code="i">05-38047</subfield>
      <subfield code="g">30</subfield>
      <subfield code="o">635.9 J373ja</subfield>
      <subfield code="e">Prof. Mg. Guillermo Clifton Acuer.619/08</subfield>
      <subfield code="8">CG</subfield>
    </datafield>
    <datafield tag="952" ind1=" " ind2=" ">
      <subfield code="a">BIB_RECT</subfield>
      <subfield code="b">BIB_UARG</subfield>
      <subfield code="d">2009-06-22</subfield>
      <subfield code="y">BK</subfield>
      <subfield code="p">05-38048</subfield>
      <subfield code="i">05-38048</subfield>
      <subfield code="g">30</subfield>
      <subfield code="o">635.9 J373ja</subfield>
      <subfield code="e">Prof. Mg. Guillermo Clifton Acuer.619/08</subfield>
      <subfield code="8">CG</subfield>
    </datafield>
    <datafield tag="952" ind1=" " ind2=" ">
      <subfield code="a">BIB_RECT</subfield>
      <subfield code="b">BIB_UARG</subfield>
      <subfield code="d">2009-06-22</subfield>
      <subfield code="y">BK</subfield>
      <subfield code="p">05-38049</subfield>
      <subfield code="i">05-38049</subfield>
      <subfield code="g">30</subfield>
      <subfield code="o">635.9 J373ja</subfield>
      <subfield code="e">Prof. Mg. Guillermo Clifton Acuer.619/08</subfield>
      <subfield code="8">CG</subfield>
    </datafield>
    <datafield tag="952" ind1=" " ind2=" ">
      <subfield code="a">BIB_RECT</subfield>
      <subfield code="b">BIB_UARG</subfield>
      <subfield code="d">2009-06-22</subfield>
      <subfield code="y">BK</subfield>
      <subfield code="p">05-38050</subfield>
      <subfield code="i">05-38050</subfield>
      <subfield code="g">30</subfield>
      <subfield code="o">635.9 J373ja</subfield>
      <subfield code="e">Prof. Mg. Guillermo Clifton Acuer.619/08</subfield>
      <subfield code="8">CG</subfield>
    </datafield>
    <datafield tag="952" ind1=" " ind2=" ">
      <subfield code="a">BIB_RECT</subfield>
      <subfield code="b">BIB_UARG</subfield>
      <subfield code="d">2009-06-22</subfield>
      <subfield code="y">BK</subfield>
      <subfield code="p">05-38051</subfield>
      <subfield code="i">05-38051</subfield>
      <subfield code="g">30</subfield>
      <subfield code="o">635.9 J373ja</subfield>
      <subfield code="e">Prof. Mg. Guillermo Clifton Acuer.619/08</subfield>
      <subfield code="8">CG</subfield>
    </datafield>
    <datafield tag="952" ind1=" " ind2=" ">
      <subfield code="a">BIB_RECT</subfield>
      <subfield code="b">BIB_UARG</subfield>
      <subfield code="d">2009-06-22</subfield>
      <subfield code="y">BK</subfield>
      <subfield code="p">05-38052</subfield>
      <subfield code="i">05-38052</subfield>
      <subfield code="g">30</subfield>
      <subfield code="o">635.9 J373ja</subfield>
      <subfield code="e">Prof. Mg. Guillermo Clifton Acuer.619/08</subfield>
      <subfield code="8">CG</subfield>
    </datafield>
    <datafield tag="952" ind1=" " ind2=" ">
      <subfield code="a">BIB_RECT</subfield>
      <subfield code="b">BIB_UARG</subfield>
      <subfield code="d">2009-06-22</subfield>
      <subfield code="y">BK</subfield>
      <subfield code="p">05-38053</subfield>
      <subfield code="i">05-38053</subfield>
      <subfield code="g">30</subfield>
      <subfield code="o">635.9 J373ja</subfield>
      <subfield code="e">Prof. Mg. Guillermo Clifton Acuer.619/08</subfield>
      <subfield code="8">CG</subfield>
    </datafield>
    <datafield tag="952" ind1=" " ind2=" ">
      <subfield code="a">BIB_RECT</subfield>
      <subfield code="b">BIB_UARG</subfield>
      <subfield code="d">2009-06-22</subfield>
      <subfield code="y">BK</subfield>
      <subfield code="p">05-38054</subfield>
      <subfield code="i">05-38054</subfield>
      <subfield code="g">30</subfield>
      <subfield code="o">635.9 J373ja</subfield>
      <subfield code="e">Prof. Mg. Guillermo Clifton Acuer.619/08</subfield>
      <subfield code="8">CG</subfield>
    </datafield>
    <datafield tag="952" ind1=" " ind2=" ">
      <subfield code="a">BIB_RECT</subfield>
      <subfield code="b">BIB_UARG</subfield>
      <subfield code="d">2009-06-22</subfield>
      <subfield code="y">BK</subfield>
      <subfield code="p">05-38055</subfield>
      <subfield code="i">05-38055</subfield>
      <subfield code="g">30</subfield>
      <subfield code="o">635.9 J373ja</subfield>
      <subfield code="e">Prof. Mg. Guillermo Clifton Acuer.619/08</subfield>
      <subfield code="8">CG</subfield>
    </datafield>
    <datafield tag="952" ind1=" " ind2=" ">
      <subfield code="a">BIB_RECT</subfield>
      <subfield code="b">BIB_UARG</subfield>
      <subfield code="d">2009-06-22</subfield>
      <subfield code="y">BK</subfield>
      <subfield code="p">05-38056</subfield>
      <subfield code="i">05-38056</subfield>
      <subfield code="g">30</subfield>
      <subfield code="o">635.9 J373ja</subfield>
      <subfield code="e">Prof. Mg. Guillermo Clifton Acuer.619/08</subfield>
      <subfield code="8">CG</subfield>
    </datafield>
    <datafield tag="952" ind1=" " ind2=" ">
      <subfield code="a">BIB_RECT</subfield>
      <subfield code="b">BIB_UARG</subfield>
      <subfield code="d">2009-06-22</subfield>
      <subfield code="y">BK</subfield>
      <subfield code="p">05-38057</subfield>
      <subfield code="i">05-38057</subfield>
      <subfield code="g">30</subfield>
      <subfield code="o">635.9 J373ja</subfield>
      <subfield code="e">Prof. Mg. Guillermo Clifton Acuer.619/08</subfield>
      <subfield code="8">CG</subfield>
    </datafield>
    <datafield tag="952" ind1=" " ind2=" ">
      <subfield code="a">BIB_RECT</subfield>
      <subfield code="b">BIB_UARG</subfield>
      <subfield code="d">2009-06-22</subfield>
      <subfield code="y">BK</subfield>
      <subfield code="p">05-38058</subfield>
      <subfield code="i">05-38058</subfield>
      <subfield code="g">30</subfield>
      <subfield code="o">635.9 J373ja</subfield>
      <subfield code="e">Prof. Mg. Guillermo Clifton Acuer.619/08</subfield>
      <subfield code="8">CG</subfield>
    </datafield>
    <datafield tag="952" ind1=" " ind2=" ">
      <subfield code="a">BIB_RECT</subfield>
      <subfield code="b">BIB_UARG</subfield>
      <subfield code="d">2009-06-22</subfield>
      <subfield code="y">BK</subfield>
      <subfield code="p">05-38059</subfield>
      <subfield code="i">05-38059</subfield>
      <subfield code="g">30</subfield>
      <subfield code="o">635.9 J373ja</subfield>
      <subfield code="e">Prof. Mg. Guillermo Clifton Acuer.619/08</subfield>
      <subfield code="8">CG</subfield>
    </datafield>
    <datafield tag="952" ind1=" " ind2=" ">
      <subfield code="a">BIB_RECT</subfield>
      <subfield code="b">BIB_UARG</subfield>
      <subfield code="d">2009-06-22</subfield>
      <subfield code="y">BK</subfield>
      <subfield code="p">05-38060</subfield>
      <subfield code="i">05-38060</subfield>
      <subfield code="g">30</subfield>
      <subfield code="o">635.9 J373ja</subfield>
      <subfield code="e">Prof. Mg. Guillermo Clifton Acuer.619/08</subfield>
      <subfield code="8">CG</subfield>
    </datafield>
    <datafield tag="952" ind1=" " ind2=" ">
      <subfield code="a">BIB_RECT</subfield>
      <subfield code="b">BIB_UARG</subfield>
      <subfield code="d">2009-06-22</subfield>
      <subfield code="y">BK</subfield>
      <subfield code="p">05-38061</subfield>
      <subfield code="i">05-38061</subfield>
      <subfield code="g">30</subfield>
      <subfield code="o">635.9 J373ja</subfield>
      <subfield code="e">Prof. Mg. Guillermo Clifton Acuer.619/08</subfield>
      <subfield code="8">CG</subfield>
    </datafield>
    <datafield tag="952" ind1=" " ind2=" ">
      <subfield code="a">BIB_RECT</subfield>
      <subfield code="b">SAT_PBNA</subfield>
      <subfield code="d">2009-09-24</subfield>
      <subfield code="y">BK</subfield>
      <subfield code="p">11-38378</subfield>
      <subfield code="i">11-38378</subfield>
      <subfield code="g">30</subfield>
      <subfield code="o">635.9 J373ja</subfield>
      <subfield code="e">Donación UARG</subfield>
      <subfield code="8">CG</subfield>
    </datafield>
    <datafield tag="952" ind1=" " ind2=" ">
      <subfield code="a">BIB_RECT</subfield>
      <subfield code="b">SAT_PBNA</subfield>
      <subfield code="d">2009-09-24</subfield>
      <subfield code="y">BK</subfield>
      <subfield code="p">11-38379</subfield>
      <subfield code="i">11-38379</subfield>
      <subfield code="g">30</subfield>
      <subfield code="o">635.9 J373ja</subfield>
      <subfield code="e">Donación UARG</subfield>
      <subfield code="8">CG</subfield>
    </datafield>
    <datafield tag="952" ind1=" " ind2=" ">
      <subfield code="a">BIB_RECT</subfield>
      <subfield code="b">SAT_GREG</subfield>
      <subfield code="d">2009-09-24</subfield>
      <subfield code="y">BK</subfield>
      <subfield code="p">18-38384</subfield>
      <subfield code="i">18-38384</subfield>
      <subfield code="g">30</subfield>
      <subfield code="o">635.9 J373ja</subfield>
      <subfield code="e">Donación UARG</subfield>
      <subfield code="8">CG</subfield>
    </datafield>
    <datafield tag="952" ind1=" " ind2=" ">
      <subfield code="a">BIB_RECT</subfield>
      <subfield code="b">SAT_GREG</subfield>
      <subfield code="d">2009-09-24</subfield>
      <subfield code="y">BK</subfield>
      <subfield code="p">18-38385</subfield>
      <subfield code="i">18-38385</subfield>
      <subfield code="g">30</subfield>
      <subfield code="o">635.9 J373ja</subfield>
      <subfield code="e">Donación UARG</subfield>
      <subfield code="8">CG</subfield>
    </datafield>
  </record>