
  <record>
    <leader>01000aam  22002601a 4500</leader>
    <controlfield tag="001">YPZ91374</controlfield>
    <controlfield tag="003">YPZ</controlfield>
    <controlfield tag="005">200906241015450</controlfield>
    <controlfield tag="008">090624|###########||||||b||||||||||spa|d</controlfield>
    <datafield tag="020" ind1=" " ind2=" ">
      <subfield code="a">9701003276 (v.2)</subfield>
    </datafield>
    <datafield tag="040" ind1=" " ind2=" ">
      <subfield code="c">SIUNPA</subfield>
    </datafield>
    <datafield tag="041" ind1=" " ind2=" ">
      <subfield code="a">spa</subfield>
    </datafield>
    <datafield tag="044" ind1=" " ind2=" ">
      <subfield code="a">MX</subfield>
    </datafield>
    <datafield tag="080" ind1=" " ind2=" ">
      <subfield code="a">53 S492f2</subfield>
    </datafield>
    <datafield tag="100" ind1=" " ind2=" ">
      <subfield code="a">Serway, Raymond A..</subfield>
    </datafield>
    <datafield tag="245" ind1=" " ind2=" ">
      <subfield code="a">Física</subfield>
      <subfield code="b"> : tercera edición revisada. Segunda edición en español</subfield>
      <subfield code="c"> / Flores Lira, Juan Antonio, coordinación de la tr. ; Sánchez Aguilera, Enrique, tr. ; Sosa Fonseca, Rebeca, tr. ; Cárdenas Oviedo, Juan Cristóbal, tr. ; D'León Sánchez, César Conrado</subfield>
    </datafield>
    <datafield tag="250" ind1=" " ind2=" ">
      <subfield code="a">2a ed. rev.</subfield>
    </datafield>
    <datafield tag="260" ind1=" " ind2=" ">
      <subfield code="a">México, D.F.</subfield>
      <subfield code="b"> : McGraw-Hill</subfield>
      <subfield code="c"> , 1994</subfield>
    </datafield>
    <datafield tag="500" ind1=" " ind2=" ">
      <subfield code="a">En cubierta: Incluye Física moderna</subfield>
    </datafield>
    <datafield tag="650" ind1=" " ind2=" ">
      <subfield code="a"> FISICA  CALCULO (MATEMATICAS)</subfield>
    </datafield>
    <datafield tag="650" ind1=" " ind2=" ">
      <subfield code="a"> MECANICA</subfield>
    </datafield>
    <datafield tag="650" ind1=" " ind2=" ">
      <subfield code="a"> TERMODINAMICA</subfield>
    </datafield>
    <datafield tag="650" ind1=" " ind2=" ">
      <subfield code="a"> ELECTRICIDAD</subfield>
    </datafield>
    <datafield tag="650" ind1=" " ind2=" ">
      <subfield code="a"> LUZ</subfield>
    </datafield>
    <datafield tag="942" ind1=" " ind2=" ">
      <subfield code="c">BK</subfield>
    </datafield>
    <datafield tag="952" ind1=" " ind2=" ">
      <subfield code="a">BIB_RECT</subfield>
      <subfield code="b">BIB_UASJ</subfield>
      <subfield code="d">2009-06-24</subfield>
      <subfield code="y">BK</subfield>
      <subfield code="p">04-00565</subfield>
      <subfield code="i">04-00565</subfield>
      <subfield code="g">80</subfield>
      <subfield code="o">53 S492f2</subfield>
      <subfield code="e">Migración UASJ</subfield>
      <subfield code="8">CG</subfield>
    </datafield>
  </record>