
  <record>
    <leader>01000aam  22002601a 4500</leader>
    <controlfield tag="001">YPZ91442</controlfield>
    <controlfield tag="003">YPZ</controlfield>
    <controlfield tag="005">200907021015110</controlfield>
    <controlfield tag="008">090702|###########||||||b||||||||||spa|d</controlfield>
    <datafield tag="020" ind1=" " ind2=" ">
      <subfield code="a">9506143609</subfield>
    </datafield>
    <datafield tag="040" ind1=" " ind2=" ">
      <subfield code="c">SIUNPA</subfield>
    </datafield>
    <datafield tag="041" ind1=" " ind2=" ">
      <subfield code="a">spa</subfield>
    </datafield>
    <datafield tag="044" ind1=" " ind2=" ">
      <subfield code="a">AR</subfield>
    </datafield>
    <datafield tag="080" ind1=" " ind2=" ">
      <subfield code="a">329 W164p</subfield>
    </datafield>
    <datafield tag="100" ind1=" " ind2=" ">
      <subfield code="a">Waldmann, Peter.</subfield>
    </datafield>
    <datafield tag="245" ind1=" " ind2=" ">
      <subfield code="a">El peronismo</subfield>
      <subfield code="b"> : 1943-1955</subfield>
      <subfield code="c"> / Mendilaharzu de Machain, Nélida, tr.</subfield>
    </datafield>
    <datafield tag="260" ind1=" " ind2=" ">
      <subfield code="a">Buenos Aires</subfield>
      <subfield code="b"> : Hyspámerica</subfield>
      <subfield code="c"> , 1985</subfield>
    </datafield>
    <datafield tag="440" ind1=" " ind2=" ">
      <subfield code="a">Colección la historia revisada</subfield>
      <subfield code="a">Estudios alemanes</subfield>
      <subfield code="a">Biblioteca argentina de Historia y política</subfield>
      <subfield code="v">4</subfield>
    </datafield>
    <datafield tag="490" ind1=" " ind2=" ">
      <subfield code="a">Colección la historia revisada</subfield>
      <subfield code="a">Estudios alemanes</subfield>
      <subfield code="a">Biblioteca argentina de Historia y política</subfield>
      <subfield code="v">4</subfield>
    </datafield>
    <datafield tag="650" ind1=" " ind2=" ">
      <subfield code="a"> HISTORIA ARGENTINA</subfield>
    </datafield>
    <datafield tag="650" ind1=" " ind2=" ">
      <subfield code="a"> HISTORIA POLITICA </subfield>
    </datafield>
    <datafield tag="650" ind1=" " ind2=" ">
      <subfield code="a"> PARTIDO POLITICO</subfield>
    </datafield>
    <datafield tag="650" ind1=" " ind2=" ">
      <subfield code="a"> PERON, JUAN DOMINGO (1895</subfield>
    </datafield>
    <datafield tag="650" ind1=" " ind2=" ">
      <subfield code="a">1974)</subfield>
    </datafield>
    <datafield tag="650" ind1=" " ind2=" ">
      <subfield code="a"> PERONISMO</subfield>
    </datafield>
    <datafield tag="650" ind1=" " ind2=" ">
      <subfield code="a"> SIGLO XX</subfield>
    </datafield>
    <datafield tag="942" ind1=" " ind2=" ">
      <subfield code="c">BK</subfield>
    </datafield>
    <datafield tag="952" ind1=" " ind2=" ">
      <subfield code="a">BIB_RECT</subfield>
      <subfield code="b">BIB_UARG</subfield>
      <subfield code="d">2009-06-30</subfield>
      <subfield code="y">BK</subfield>
      <subfield code="p">05-38121</subfield>
      <subfield code="i">05-38121</subfield>
      <subfield code="g">30</subfield>
      <subfield code="o">329 W164p</subfield>
      <subfield code="e">Donación Barbería, Elsa</subfield>
      <subfield code="8">CG</subfield>
    </datafield>
  </record>