
  <record>
    <leader>01000aam  22002601a 4500</leader>
    <controlfield tag="001">YPZ91447</controlfield>
    <controlfield tag="003">YPZ</controlfield>
    <controlfield tag="005">200907021103450</controlfield>
    <controlfield tag="008">090702|###########||||||b||||||||||spa|d</controlfield>
    <datafield tag="040" ind1=" " ind2=" ">
      <subfield code="c">SIUNPA</subfield>
    </datafield>
    <datafield tag="041" ind1=" " ind2=" ">
      <subfield code="a">spa</subfield>
    </datafield>
    <datafield tag="044" ind1=" " ind2=" ">
      <subfield code="a">AR</subfield>
    </datafield>
    <datafield tag="080" ind1=" " ind2=" ">
      <subfield code="a">94(82)(092) L575c</subfield>
    </datafield>
    <datafield tag="100" ind1=" " ind2=" ">
      <subfield code="a">Lenzi, Juan Hilarión.</subfield>
    </datafield>
    <datafield tag="245" ind1=" " ind2=" ">
      <subfield code="a">Carlos María Moyano</subfield>
      <subfield code="b"> : marino, explorador y gobernante</subfield>
    </datafield>
    <datafield tag="260" ind1=" " ind2=" ">
      <subfield code="a">Buenos Aires</subfield>
      <subfield code="b"> : Departamento de Estudios Históricos Navales, Secretaría de Estado de Marina</subfield>
      <subfield code="c"> , 1962</subfield>
    </datafield>
    <datafield tag="300" ind1=" " ind2=" ">
      <subfield code="a">564 p. : </subfield>
      <subfield code="a">271 p. : </subfield>
      <subfield code="a">vii, 313 p. : </subfield>
      <subfield code="a">558 p. : </subfield>
      <subfield code="a">126 p. : </subfield>
      <subfield code="b">il. ; </subfield>
      <subfield code="a">64 p. : </subfield>
      <subfield code="b">il. ; </subfield>
      <subfield code="a">167 p. : </subfield>
      <subfield code="b">il. ; </subfield>
      <subfield code="a">135 p. : </subfield>
      <subfield code="a">203 p. : </subfield>
      <subfield code="a">191 p. : </subfield>
      <subfield code="a">265 p. : </subfield>
      <subfield code="a">371  p. : </subfield>
      <subfield code="b">il. ; </subfield>
      <subfield code="a">457 p. : </subfield>
      <subfield code="b">il. ; </subfield>
      <subfield code="a">v. : </subfield>
      <subfield code="a">57 P. : </subfield>
      <subfield code="a">2 v. : </subfield>
      <subfield code="b">il ; </subfield>
      <subfield code="a">2 v. : </subfield>
      <subfield code="a">422 p. : </subfield>
      <subfield code="a">453 p. : </subfield>
      <subfield code="b">cuadros ; </subfield>
      <subfield code="a">222 p. : </subfield>
      <subfield code="b">il. ; </subfield>
      <subfield code="a">v. : </subfield>
      <subfield code="a">142 p. : </subfield>
      <subfield code="a">104 p. : </subfield>
      <subfield code="a">107 p. : </subfield>
      <subfield code="a">143 p. : </subfield>
      <subfield code="b">il. ; </subfield>
      <subfield code="a">199 p. : </subfield>
      <subfield code="a">127 p. : </subfield>
      <subfield code="a">2 v. : </subfield>
      <subfield code="a">155 p. : </subfield>
      <subfield code="a">167 p. : </subfield>
      <subfield code="a">2 v. : </subfield>
      <subfield code="a">151 p. : </subfield>
      <subfield code="a">199 p. : </subfield>
      <subfield code="a">158 p. : </subfield>
      <subfield code="a">2 v. : </subfield>
      <subfield code="a">215 p. : </subfield>
      <subfield code="a">122 p. : </subfield>
      <subfield code="a">viii, 513 p. : </subfield>
      <subfield code="b">il. ; </subfield>
      <subfield code="a">ix, 255 p. : </subfield>
      <subfield code="b">il. ; </subfield>
      <subfield code="a">2 v. : </subfield>
      <subfield code="a">192 p. : </subfield>
      <subfield code="a">142 p. : </subfield>
      <subfield code="a">84 p. : </subfield>
      <subfield code="a">160  p. : </subfield>
      <subfield code="a">169 p. : </subfield>
      <subfield code="a">139 p. : </subfield>
      <subfield code="a">122 p. : </subfield>
      <subfield code="a">141 p. : </subfield>
      <subfield code="b">il. ; </subfield>
      <subfield code="a">126 p. : </subfield>
      <subfield code="b">il. ; </subfield>
      <subfield code="a">122 p. : </subfield>
      <subfield code="a">156 p. : </subfield>
      <subfield code="b">il. ; </subfield>
      <subfield code="a">139 p. : </subfield>
      <subfield code="b">il. ; </subfield>
      <subfield code="a">2 v. : </subfield>
      <subfield code="a">140 p. : </subfield>
      <subfield code="a">140 p. : </subfield>
      <subfield code="b">il. ; </subfield>
      <subfield code="a">127 p. : </subfield>
      <subfield code="a">292 p. : </subfield>
      <subfield code="b">cuadros ; </subfield>
      <subfield code="a">305 p. : </subfield>
      <subfield code="a">v. : </subfield>
      <subfield code="a">202 p. : </subfield>
      <subfield code="a">viii, 120 p. : </subfield>
      <subfield code="a">xii, 287 p. : </subfield>
      <subfield code="b">il. ; </subfield>
      <subfield code="a">66 p. : </subfield>
      <subfield code="b">il. ; </subfield>
      <subfield code="a">xxv, 612 p. : </subfield>
      <subfield code="b">il. ; </subfield>
      <subfield code="a">486 p. : </subfield>
      <subfield code="a">xiii, 93 p. : </subfield>
      <subfield code="b">il. ; </subfield>
      <subfield code="a">101 p. : </subfield>
      <subfield code="b">il. ; </subfield>
      <subfield code="a">95 p. : </subfield>
      <subfield code="b">il. ; </subfield>
      <subfield code="a">v. : </subfield>
      <subfield code="b">il. ; </subfield>
      <subfield code="a">xxxiii, 454 p. : </subfield>
      <subfield code="a">v. : </subfield>
      <subfield code="a">166 p. : </subfield>
      <subfield code="a">283 p. : </subfield>
      <subfield code="a">305 p. : </subfield>
      <subfield code="a">156 p. : </subfield>
      <subfield code="a">238 p. : </subfield>
      <subfield code="b">il. ; </subfield>
      <subfield code="a">126 p. : </subfield>
      <subfield code="a">257 p. : </subfield>
      <subfield code="a">124 p. : </subfield>
      <subfield code="a">365 p. : </subfield>
      <subfield code="a">152 p. : </subfield>
      <subfield code="a">94 p. : </subfield>
      <subfield code="b">il. ; </subfield>
      <subfield code="a">241 p. : </subfield>
      <subfield code="b">il. ; </subfield>
      <subfield code="e">4 mapas en bolsillo</subfield>
    </datafield>
    <datafield tag="440" ind1=" " ind2=" ">
      <subfield code="a">Publicaciones del Departamento de Estudios Históricos Navales. Serie C, Biografías navales argentinas</subfield>
      <subfield code="v">nº 7</subfield>
    </datafield>
    <datafield tag="490" ind1=" " ind2=" ">
      <subfield code="a">Publicaciones del Departamento de Estudios Históricos Navales. Serie C, Biografías navales argentinas</subfield>
      <subfield code="v">nº 7</subfield>
    </datafield>
    <datafield tag="500" ind1=" " ind2=" ">
      <subfield code="a">Contenido de mapas: Croquis de la población Cañada de Santa Cruz - Croquis de la parte comprendida entre los paralelos 50 á 53 - Carta general de la Patagonia - Croquis entre los puertos de Santa Cruz y Deseado</subfield>
    </datafield>
    <datafield tag="650" ind1=" " ind2=" ">
      <subfield code="a"> MOYANO, CARLOS MARIA (18541910)</subfield>
    </datafield>
    <datafield tag="650" ind1=" " ind2=" ">
      <subfield code="a"> MARINOS </subfield>
    </datafield>
    <datafield tag="650" ind1=" " ind2=" ">
      <subfield code="a"> BIOGRAFIA</subfield>
    </datafield>
    <datafield tag="650" ind1=" " ind2=" ">
      <subfield code="a"> HISTORIA ARGENTINA</subfield>
    </datafield>
    <datafield tag="650" ind1=" " ind2=" ">
      <subfield code="a"> REGION PATAGONICA</subfield>
    </datafield>
    <datafield tag="650" ind1=" " ind2=" ">
      <subfield code="a"> SANTA CRUZ (ARGENTINA)</subfield>
    </datafield>
    <datafield tag="942" ind1=" " ind2=" ">
      <subfield code="c">BK</subfield>
    </datafield>
    <datafield tag="952" ind1=" " ind2=" ">
      <subfield code="a">BIB_RECT</subfield>
      <subfield code="b">BIB_UARG</subfield>
      <subfield code="d">2009-06-30</subfield>
      <subfield code="y">BK</subfield>
      <subfield code="p">05-38130</subfield>
      <subfield code="i">05-38130</subfield>
      <subfield code="g">40</subfield>
      <subfield code="o">94(82)(092) L575c</subfield>
      <subfield code="e">Donación Barbería, Elsa</subfield>
      <subfield code="8">CG</subfield>
    </datafield>
  </record>