
  <record>
    <leader>01000aam  22002601a 4500</leader>
    <controlfield tag="001">YPZ91457</controlfield>
    <controlfield tag="003">YPZ</controlfield>
    <controlfield tag="005">200907031131240</controlfield>
    <controlfield tag="008">090703|###########||||||b||||||||||spa|d</controlfield>
    <datafield tag="040" ind1=" " ind2=" ">
      <subfield code="c">SIUNPA</subfield>
    </datafield>
    <datafield tag="041" ind1=" " ind2=" ">
      <subfield code="a">spa</subfield>
    </datafield>
    <datafield tag="044" ind1=" " ind2=" ">
      <subfield code="a">AR</subfield>
    </datafield>
    <datafield tag="080" ind1=" " ind2=" ">
      <subfield code="a">001.89 A939a</subfield>
    </datafield>
    <datafield tag="245" ind1=" " ind2=" ">
      <subfield code="a">Autonomía nacional o dependencia</subfield>
      <subfield code="b"> : la política científico-tecnológica</subfield>
      <subfield code="c"> / Suárez, Francisco, comp. y colab. ; Ciapuscio, Héctor, comp. y colab. ; Krieger, Mario, comp. y colab. ; Amadeo, Eduardo, comp. y colab. ; Mora y Araujo, Manuel, comp. ; Sánchez Crespo, Alberto, colab. ; Forni, Floreal H., colab. ; Bisio, Raúl H., colab. ; Sabato, Jorge A., colab ; Gilpin, Robert, colab. ; Halty, Máximo, colab.</subfield>
    </datafield>
    <datafield tag="250" ind1=" " ind2=" ">
      <subfield code="a">1a ed.</subfield>
    </datafield>
    <datafield tag="260" ind1=" " ind2=" ">
      <subfield code="a">Buenos Aires</subfield>
      <subfield code="b"> : Paidós</subfield>
      <subfield code="c"> , 1975</subfield>
    </datafield>
    <datafield tag="440" ind1=" " ind2=" ">
      <subfield code="a">Biblioteca argentina de Historia y política</subfield>
      <subfield code="a">Colección Historia y sociedad</subfield>
      <subfield code="a">Memorial de la patria</subfield>
      <subfield code="a">Testimonios nacionales</subfield>
      <subfield code="a">Biblioteca de economía, política, sociedad. Serie mayor</subfield>
      <subfield code="v">17</subfield>
    </datafield>
    <datafield tag="490" ind1=" " ind2=" ">
      <subfield code="a">Biblioteca argentina de Historia y política</subfield>
      <subfield code="a">Colección Historia y sociedad</subfield>
      <subfield code="a">Memorial de la patria</subfield>
      <subfield code="a">Testimonios nacionales</subfield>
      <subfield code="a">Biblioteca de economía, política, sociedad. Serie mayor</subfield>
      <subfield code="v">17</subfield>
    </datafield>
    <datafield tag="650" ind1=" " ind2=" ">
      <subfield code="a"> CIENCIA  POLITICA CIENTIFICA</subfield>
    </datafield>
    <datafield tag="650" ind1=" " ind2=" ">
      <subfield code="a"> TECNOLOGIA</subfield>
    </datafield>
    <datafield tag="650" ind1=" " ind2=" ">
      <subfield code="a"> AMERICA LATINA</subfield>
    </datafield>
    <datafield tag="942" ind1=" " ind2=" ">
      <subfield code="c">BK</subfield>
    </datafield>
    <datafield tag="952" ind1=" " ind2=" ">
      <subfield code="a">BIB_RECT</subfield>
      <subfield code="b">BIB_UARG</subfield>
      <subfield code="d">2009-07-03</subfield>
      <subfield code="y">BK</subfield>
      <subfield code="p">05-06887</subfield>
      <subfield code="i">05-06887</subfield>
      <subfield code="g">32</subfield>
      <subfield code="o">001.89 A939a</subfield>
      <subfield code="e">90</subfield>
      <subfield code="8">CG</subfield>
    </datafield>
    <datafield tag="952" ind1=" " ind2=" ">
      <subfield code="a">BIB_RECT</subfield>
      <subfield code="b">BIB_UARG</subfield>
      <subfield code="d">2009-07-03</subfield>
      <subfield code="y">BK</subfield>
      <subfield code="p">05-38114</subfield>
      <subfield code="i">05-38114</subfield>
      <subfield code="g">32</subfield>
      <subfield code="o">001.89 A939a</subfield>
      <subfield code="e">Donación Barbería, Elsa</subfield>
      <subfield code="8">CG</subfield>
    </datafield>
  </record>